3217 4950
707 563 917 625 „21..

239 757 354 826 poetam
380 753 411 810 in
427 753 500 826 ipsa
520 750 658 826 Aegypto
689 768 791 810 versus
817 753 856 810 47
876 769 937 824 sqq.
961 753 1073 812 fecisse.
1126 753 1184 814 Sed
1208 758 1242 811 ut
1262 758 1375 811 taceam

240 851 275 909 de
306 851 403 908 reditu
434 851 525 922 deque
557 851 619 909 eius
650 854 794 921 tempore,
830 853 999 921 argumento
1030 850 1082 908 illo
1114 850 1187 908 nihil
1220 852 1372 924 probatnr3

239 953 444 1020 praeterquam
468 947 544 1005 enim
564 946 639 1017 quod
653 945 742 1004 verba
763 943 835 1004 facit
856 945 1009 1004 derorum
1030 950 1109 1005 statu
1129 963 1185 1005 non
1205 952 1265 1005 tam
1286 964 1374 1020 prae-

240 1045 315 1103 senti
337 1061 422 1116 quam
449 1043 607 1116 praeterito
629 1039 686 1116 (οἷα
707 1040 767 1116 πρὶν
789 1040 842 1115 49)
862 1057 983 1113 eumque
1007 1043 1037 1100 in
1062 1042 1210 1101 meliorem
1231 1047 1292 1099 tum
1314 1059 1375 1100 mu-

239 1146 333 1199 tatum
354 1156 417 1199 esse
438 1141 501 1212 regi
522 1153 649 1198 summae
670 1138 750 1196 laudi
770 1138 863 1198 vertit
882 1139 948 1213 (462
975 1137 1065 1196 crollet
1085 1160 1136 1206 τοι,
1165 1138 1188 1196 ὦ
1210 1138 1372 1214 Πτολεμαῖε,

239 1237 382 1314 πεποίηται
408 1235 479 1295 καλὰ
506 1235 594 1312 ἔργα),
627 1251 684 1293 non
705 1236 860 1308 Aegyptiis
891 1236 943 1294 sed
968 1235 1092 1295 Graecis
1112 1237 1373 1308 Macedonibusque

239 1335 366 1393 carmina
387 1349 440 1392 sua
461 1332 636 1390 Theocritus
656 1331 780 1404 scripsit.

320 1430 455 1488 Statuere
476 1429 567 1501 igitur
587 1432 707 1486 conatus
733 1444 795 1486 sum
818 1444 934 1486 carmen
954 1429 1027 1486 XVI
1053 1429 1241 1502 compositum
1262 1445 1325 1488 esse
1345 1447 1372 1489 a.

240 1529 413 1594 ate-2703
445 1543 469 1584 c.
496 1526 583 1583 XVII
612 1529 677 1598 post
702 1542 728 1584 a.
755 1526 823 1596 270,
855 1531 924 1582 ante
949 1541 975 1583 a.
999 1526 1071 1593 2663
1103 1527 1188 1598 paulo
1220 1531 1287 1584 ante
1318 1527 1373 1585 hoc

239 1625 377 1697 scriptum
400 1641 462 1682 esse
484 1641 507 1680 c.
530 1621 611 1692 XIV,
633 1623 720 1694 paulo
741 1628 843 1695 postea
863 1638 888 1680 o.
910 1620 976 1682 XV.
998 1656 1037 1665 -

787 2146 825 2212 11.

343 2302 569 2374 Theocritus
593 2322 681 2372 num
706 2301 978 2374 Callimachum
1002 2302 1176 2374 imitatus
1199 2305 1261 2374 sit

319 2482 506 2542 Theocritum
541 2498 660 2554 poeseos
701 2481 849 2539 bucolicae
887 2482 1009 2553 primum
1045 2482 1191 2541 exstitisse
1224 2489 1373 2543 auctorem

240 2594 358 2651 eamque
379 2578 544 2637 admirabili
563 2583 627 2636 arte
650 2578 771 2636 coluisse
786 2583 885 2636 notum
906 2584 960 2637 est.
1001 2578 1038 2636 In
1058 2580 1114 2637 hoc
1134 2596 1242 2651 genere
1263 2581 1373 2653 ingenii

239 2677 300 2734 eius
330 2676 374 2733 vis
399 2676 517 2749 propria
543 2680 573 2734 et
605 2676 704 2734 nativa
731 2676 870 2743 innotuit,
902 2675 970 2733 inde
995 2680 1029 2733 ut
1059 2674 1204 2744 efflueret,
1236 2677 1373 2749 quidquid

238 2772 332 2830 laudis
363 2773 493 2845 poeticae
524 2772 678 2831 contraxit.
725 2771 857 2829 Eundem
888 2778 986 2831 tamen
1016 2774 1266 2845 obtemperantem
1297 2776 1371 2835 mori

237 2873 368 2928 veterum
399 2886 488 2942 prope
514 2869 657 2928 communi
681 2886 737 2927 uon
762 2869 866 2941 puduit
891 2870 1030 2928 nonnulla
1059 2871 1164 2929 debere
1190 2872 1256 2930 aliis
1275 2874 1370 2944 poetis

237 2966 453 3025 vetustioribus:
486 2966 566 3024 velut
592 2967 654 3038 ipse
676 2980 787 3037 quoque
811 2965 943 3037 vestigiis
969 2966 1127 3024 carminum
1160 2967 1369 3025 homericarum

237 3063 384 3136 ingressus
409 3068 467 3133 est,
500 3063 602 3134 quibus
626 3062 733 3121 nullius
758 3061 935 3120 Graecorum
966 3066 1071 3133 poetae
1102 3063 1214 3120 animus
1244 3064 1370 3123 intactus

239 3175 302 3217 esse
323 3159 474 3234 poterat).
510 3160 610 3231 Atque
631 3160 784 3215 multorum
805 3158 888 3216 libris
908 3159 1050 3216 lectitatis
1071 3164 1102 3217 et
1115 3160 1231 3231 penitus
1245 3162 1369 3233 cognitis

239 3253 314 3326 quod
336 3256 468 3313 doctriua
499 3256 595 3327 aliqua
617 3254 744 3313 ¹fortasse
770 3271 827 3313 non
848 3255 956 3327 exigua
985 3256 1143 3314 instructus
1171 3257 1202 3313 iu
1232 3258 1371 3315 memoria

238 3353 413 3424 asservabat,
429 3368 502 3424 quae
516 3351 619 3411 deinde
634 3353 693 3411 suis
704 3352 799 3411 verbis
813 3353 955 3411 similibus
965 3368 1176 3423 nonnumquam
1190 3354 1371 3426 exprimebat

236 3447 344 3507 invitus
365 3464 457 3520 neque
477 3449 648 3508 imitationis
668 3448 845 3509 conscientia
865 3449 981 3518 ductus,
1014 3466 1067 3508 nos
1088 3466 1182 3521 neque
1202 3450 1371 3508 mirabimur

237 3560 329 3615 neque
363 3544 438 3604 insto
474 3546 571 3605 acrius
605 3546 861 3619 reprehendamus,
896 3546 1068 3618 praesertim
1104 3562 1167 3604 cum
1198 3546 1371 3605 Theocritus

237 3657 363 3712 quoque,
396 3642 526 3713 quamvis
547 3658 651 3715 magna
671 3643 749 3700 inter
772 3643 910 3714 aequales
929 3643 1113 3715 praestantia
1139 3644 1241 3710 fuerit,
1273 3648 1370 3702 tamen

237 3737 268 3794 in
287 3738 496 3797 Alexandrinis
527 3739 577 3810 qui
597 3744 737 3797 vocantur
767 3740 864 3812 poetis
894 3746 973 3798 recte
1000 3746 1181 3810 numeretur,
1213 3741 1257 3799 ita
1281 3745 1370 3799 utne

237 3834 368 3893 bucolica
398 3836 512 3907 quidem
544 3836 607 3894 eius
632 3836 725 3910 poesis
756 3838 906 3911 popularis
937 3838 990 3907 sit,
1021 3837 1073 3896 sed
1104 3843 1169 3895 arte
1200 3838 1314 3896 demum
1340 3843 1370 3896 et

308 4068 328 4136 ¹)
350 4066 388 4123 ot
410 4068 549 4139 stangan:
580 4070 700 4137 „Homer
722 4070 761 4124 im
786 4068 943 4139 Theocrit“‚
970 4070 1056 4127 ulau.
1078 4069 1097 4126 f.
1120 4071 1147 4127 d.
1172 4071 1267 4141 bayer.
1285 4071 1369 4143 Gym-

236 4154 502 4299 gssziasszllmsssssqen
520 4156 571 4278 llI,
592 4160 670 4229 1867,
683 4174 709 4228 p.
730 4160 779 4214 201
795 4173 870 4230 sqq.;
890 4156 987 4213 ruth:
1007 4158 1058 4226 „de
1079 4158 1129 4215 Th.
1149 4160 1249 4216 studiis
1262 4160 1369 4230 Hom.“‚
