3217 4950
706 523 926 586 ...31-

246 718 340 777 terea,
373 711 449 783 quod
469 712 580 770 nullum
605 727 694 784 genus
715 711 838 770 divinius
864 717 908 769 est
930 728 1016 782 quam
1040 728 1151 785 regom.
1192 712 1296 771 Potius
1316 714 1379 772 vice

248 825 332 868 versa
353 808 505 868 dicandum
526 813 603 865 erat:
625 808 735 867 nullum
755 824 848 880 genus
862 807 987 866 divinius
1009 813 1053 867 est
1065 825 1150 880 qnam
1171 825 1274 882 regum
1293 826 1378 883 prop-

245 911 333 977 terea,
367 904 442 977 quod
472 921 555 978 reges
585 905 662 962 Iovis
688 910 761 963 sunt.
804 903 926 962 Omnino
953 904 1084 976 equidem
1109 905 1170 963 tale
1194 906 1302 978 aliquid
1328 923 1378 964 ex·

244 1001 448 1074 spectaverim:
482 1005 632 1060 cantamus
656 999 754 1060 fabros
775 999 914 1071 Vulcani,
945 1000 1053 1060 milites
1073 1002 1193 1074 Martis,
1226 1008 1378 1063 venatores

243 1098 369 1170 Dianae,
401 1104 502 1170 poetas
533 1098 690 1170 Apollinis3
724 1099 801 1157 Iovis
822 1103 918 1156 numm
942 1103 1011 1155 sunt
1030 1115 1120 1171 reges,
1152 1099 1220 1169 quia
1245 1099 1319 1157 nihil
1340 1132 1376 1141 -

244 1194 311 1266 qnid
332 1194 471 1252 tandem?
493 1227 530 1236 -
552 1193 617 1253 Iovi
635 1195 757 1252 similius
778 1199 824 1252 est
837 1210 922 1266 quam
942 1211 1024 1266 reges
1038 1194 1085 1252 vel
1105 1195 1174 1266 quia
1194 1195 1267 1254 nihil
1280 1196 1378 1255 Iovem

243 1293 286 1350 ita
306 1292 390 1350 decet
410 1295 444 1348 nt
456 1307 559 1363 regum
579 1307 680 1362 genus.
723 1291 809 1350 Haec
829 1290 958 1350 muneris
972 1291 1128 1368 similitudo
1150 1296 1302 1361 causaest,
1327 1308 1378 1350 cnr

242 1389 376 1460 Iuppiter
401 1403 482 1445 snam
503 1384 575 1452 λάξιν
596 1386 661 1462 (80)
683 1387 801 1458 regibus
823 1387 933 1446 tribuit.
975 1387 1079 1458 Itaque
1099 1388 1266 1460 negaverim
1287 1389 1378 1446 verba

245 1483 302 1542 ἐπεὶ
326 1483 390 1548 Διὸς
418 1481 495 1541 οὐδὲν
528 1480 653 1542 ἀνάκτων
685 1489 823 1557 corrupta
853 1499 935 1554 esse,
966 1489 996 1542 et
1027 1484 1141 1542 videtur
1170 1485 1242 1542 mihi
1272 1490 1324 1542 aut
1348 1486 1377 1543 in
1414 1468 1421 1484 ’

243 1579 381 1658 θειότερον
403 1579 570 1653 corruptela
582 1578 676 1639 latera
697 1585 748 1638 aut
762 1586 831 1638 ante
845 1581 899 1638 hoo
912 1581 1083 1639 vocabalum
1107 1597 1208 1639 versus
1225 1581 1375 1650 excidisse,

243 1677 299 1736 etsi
330 1677 413 1736 doleo
444 1677 600 1736 restituere
632 1692 677 1735 me
708 1693 765 1734 non
795 1693 894 1748 posse,
930 1675 1003 1747 quod
1034 1693 1132 1735 omnes
1162 1677 1377 1749 probabilitatis

242 1788 374 1830 numeros
395 1773 426 1830 in
446 1790 477 1831 se
498 1774 613 1832 habeat.
657 1773 758 1832 Manet
779 1773 871 1844 igitur
895 1771 1005 1843 aliquid
1025 1773 1106 1830 dubii
1130 1773 1185 1831 hoc
1205 1774 1277 1833 loco.
1320 1774 1377 1833 Oe·

241 1875 334 1928 terum
354 1870 385 1927 in
404 1885 476 1928 voce
500 1871 629 1943 repetita
650 1869 714 1934 Διὸς
735 1869 927 1928 Schneiderus
947 1885 1004 1927 non
1035 1869 1134 1927 debuit
1159 1868 1265 1927 offendi
1291 1887 1377 1942 prop-

241 1971 336 2038 terea,
357 1967 448 2037 quod,
473 1982 557 2036 ,cum
577 1967 683 2038 ubique
704 1974 792 2039 poeta
814 1967 913 2024 Iovem
934 1966 1114 2036 alloquatur“
1138 1964 1178 2040 (p.
1204 1966 1290 2041 159),
1312 1983 1376 2024 eam

243 2063 336 2135 legem
362 2063 417 2121 hoc
448 2063 512 2121 loco
544 2063 601 2121 fiac
630 2080 686 2122 non
719 2067 832 2122 tenens:
866 2061 912 2120 cui
943 2061 1104 2120 sententiae
1134 2068 1281 2134 repugnat
1312 2078 1377 2120 cum

246 2176 346 2218 versus
368 2160 419 2218 93:
452 2157 491 2223 τίς
512 2181 559 2218 κεν
580 2158 646 2223 Διὸς
667 2157 775 2237 ἔργματ’
797 2157 890 2228 ἀείδοι,
912 2164 973 2217 tom
994 2157 1185 2217 Schneiderus
1205 2160 1279 2232 ipse,
1312 2176 1375 2217 eum

243 2273 272 2328 p.
294 2257 351 2314 319
378 2255 467 2314 verba
492 2255 531 2320 ὥς
552 2255 606 2330 ἐγὼ
628 2255 772 2315 Ἀπόλλων
800 2256 967 2314 coniciendo
997 2260 1140 2329 temptata
1166 2254 1208 2330 (4,
1231 2254 1303 2330 273)
1328 2259 1375 2314 tu-

244 2358 328 2410 eatur
347 2357 428 2410 ratus
448 2369 533 2426 posse
555 2354 591 2412 ab
613 2353 793 2412 invocatione
815 2352 854 2411 ad
874 2354 1067 2410 narrationem
1088 2352 1213 2410 transiri.

322 2448 451 2522 Regibus
471 2449 563 2523 igitur
583 2450 713 2523 Iuppiter
738 2465 831 2521 regna
851 2449 995 2508 commisit
1014 2447 1150 2519 deditque
1174 2449 1217 2507 eis
1237 2450 1310 2508 satis
1330 2449 1375 2509 di·

242 2546 391 2617 vitiarum,
417 2548 490 2605 satis
511 2547 705 2616 fortunarum
738 2552 770 2604 at
790 2563 848 2604 non
869 2546 1000 2604 omnibus
1022 2546 1126 2603 tribuit
1145 2546 1269 2618 pariter,
1303 2547 1374 2604 ἔοικε

243 2642 273 2701 δὲ
307 2642 494 2720 τεκμήρασθαι
528 2641 656 2719 ἡμετέρῳ
691 2639 950 2719 pentola-espen
984 2640 1034 2718 γὰρ
1070 2640 1133 2718 εὐρὺ
1168 2640 1296 2717 βέβηκεντ
1329 2643 1376 2701 hic

244 2740 449 2805 Schneiderus,
481 2746 634 2812 postquam
655 2736 718 2816 εὐρὺ
741 2737 855 2815 βέβηκεν
875 2738 1022 2797 lteinekio
1049 2738 1224 2807 ,insolenter
1248 2738 1372 2797 dictum“

242 2837 334 2896 visum
355 2841 412 2906 est,
445 2834 604 2893 mutatione
624 2834 763 2892 facillima
784 2834 903 2906 scripsit
929 2832 995 2893 etta
1016 2834 1100 2906 eique
1121 2833 1277 2893 Richterus
1298 2834 1331 2908 (l.
1354 2836 1372 2891 l.

240 2950 268 3004 p.
292 2936 308 2988 5
331 2932 386 3006 sq.)
408 2933 561 3006 applausit.
603 2932 643 2988 At
668 2932 698 2988 in
725 2932 784 2989 illis
813 2932 909 2989 verbis
938 2947 1031 3002 neque
1062 2930 1222 3002 tautologia
1246 2931 1374 2989 mutandi

241 3046 341 3087 ansam
361 3030 494 3101 praebet,
528 3029 595 3099 quia
616 3033 646 3085 et
666 3028 780 3104 περιπρὸ
807 3029 836 3085 vi
857 3032 1008 3085 attenuata
1033 3043 1097 3086 com
1118 3026 1232 3102 βέβηκεν
1258 3027 1374 3085 coniun-

242 3124 331 3197 gitur,
354 3130 387 3182 ut
408 3125 447 3182 sit
468 3123 531 3202 εὐρὺ
554 3123 730 3201 προβέβηκεν,
755 3130 785 3182 et
799 3125 887 3183 simili
908 3124 1040 3183 ubertate
1060 3124 1189 3195 loquitur
1203 3124 1372 3195 Apollonius

242 3222 370 3280 Rhodius
397 3224 424 3291 2,
447 3222 505 3280 869
531 3238 586 3293 sq.:
619 3221 732 3299 περιπρὸ
764 3220 815 3299 γὰρ
841 3218 871 3278 εὖ
897 3219 1028 3280 ἐκέκαστο
1053 3218 1151 3279 ἰθύνειν
1177 3225 1208 3278 et
1232 3221 1292 3277 904
1316 3237 1372 3293 sap:

243 3317 328 3376 πουλὺ
343 3318 366 3375 δ’
382 3316 476 3396 ἐπιπρὸ
490 3318 588 3393 τέμνον
607 3317 691 3377 πλόον
712 3319 763 3393 (cf.
785 3318 875 3377 etiam
888 3321 915 3389 4,
940 3319 1017 3376 1388
1032 3317 1102 3393 oq),
1124 3334 1215 3389 neque
1237 3315 1300 3393 εὐρὺ
1320 3334 1373 3389 pro

243 3413 347 3492 μακρόν
368 3416 415 3473 vel
436 3414 506 3489 μέγα
527 3414 634 3474 dictum
648 3416 787 3487 exemplis
811 3420 902 3474 caret:
925 3416 987 3487 ipse
1003 3414 1196 3473 Callimachus
1217 3414 1288 3472 dicit
1307 3412 1373 3478 θεὸς

242 3509 409 3588 εὖροοίνασσα
433 3512 475 3585 (6,
499 3511 570 3586 121)
596 3517 626 3569 et
651 3509 759 3587 νηοάων
782 3509 912 3587 εὐρειάων
938 3510 980 3586 (4,
1002 3510 1069 3584 66);
1101 3509 1138 3569 cf.
1165 3511 1192 3580 3,
1214 3510 1283 3570 242.
1303 3512 1371 3569 248.

240 3609 325 3667 Hom.
349 3605 468 3685 εὐρύοπα
490 3605 571 3678 Ζεύς,
600 3605 764 3684 εὖροκρείοιν
784 3603 983 3682 Ἀγαμέμνωνς
1015 3606 1039 3664 Α
1061 3607 1132 3665 229:
1160 3606 1272 3683 στρατὸν
1294 3604 1372 3683 εὐρύν

242 3704 277 3780 (Δ
299 3706 336 3763 76
358 3703 440 3779 etc),
469 3725 487 3760 α
508 3703 579 3761 344:
602 3704 650 3760 τοῦ
672 3699 754 3765 κλέος
776 3700 839 3779 εὐρὺ
860 3700 929 3760 καθ’
948 3699 1073 3760 Ἑλλάδα
1098 3705 1171 3768 acta
1196 3701 1274 3762 Plan.
1295 3703 1372 3775 apud

243 3802 326 3875 Diog.
349 3802 450 3860 Laert.
473 3802 500 3870 3,
524 3801 576 3858 30:
610 3797 714 3877 εὐρείας
740 3798 859 3865 ἐλπίδος,
891 3803 946 3858 etc.
989 3799 1083 3870 Quare
1107 3805 1186 3858 recte
1212 3801 1247 3858 de
1273 3799 1371 3858 Wila-

241 3899 401 3958 mowituius
420 3897 451 3955 in
473 3897 597 3956 editione
619 3914 671 3956 sna
693 3895 756 3974 εὐρὺ
778 3898 914 3956 servavit.

318 3995 385 4054 Rex
404 3994 495 4067 igitur
515 3994 580 4051 aliis
601 3993 722 4051 multum
744 3996 888 4065 praestem
909 3992 1050 4063 quomodo
1071 3996 1167 4050 autem
1187 3991 1216 4049 id
1236 3990 1301 4050 fieri
1320 4010 1371 4065 po·

239 4092 342 4163 tuerit,
374 4096 521 4162 tamquam
545 4091 675 4162 exemplo
703 4089 918 4147 demonstratur
943 4088 1072 4146 versibus
1096 4087 1142 4146 his
1161 4087 1369 4160 frigidissimis:

242 4183 365 4264 ἑσπέριος
389 4184 477 4250 κεῖνός
501 4208 531 4261 γε
558 4188 634 4245 τελεῖ
660 4184 695 4243 τά
721 4206 767 4244 κεν
798 4183 842 4262 ἦρι
866 4181 1095 4262 νοήσῃ·ἑοπέριος
1119 4182 1153 4242 τὰ
1183 4179 1308 4260 μέγιστα,
1338 4183 1373 4242 τὰ
