3217 4950
701 527 922 589 ..19-

238 716 322 775 modo
344 733 380 774 ex
401 717 463 789 ipso
479 717 605 775 carmine
620 717 833 789 persentiscere
853 733 900 772 me
921 721 991 788 puto
1013 733 1070 775 non
1091 735 1127 775 ea
1140 722 1273 790 tempora
1293 720 1374 792 regui

237 813 424 886 Philadelphi
437 813 542 882 notari,
564 811 667 884 quibus
687 812 809 886 imperio
823 812 896 870 inito
909 812 1061 872 discordiis
1074 813 1219 874 intestinis
1233 815 1373 887 bellisque

238 915 394 982 occupatus
409 913 482 980 erat,
503 925 595 981 neque
616 925 659 976 ca,
681 910 784 979 quibus
799 908 920 967 diversis
941 910 1018 967 curis
1039 915 1069 968 et
1089 911 1246 970 senectutis
1266 912 1374 971 morbi·

239 1024 293 1080 que
326 1006 474 1065 doloribus
506 1011 570 1064 erat
600 1009 735 1075 vexatus,
768 1004 818 1062 sed
849 1021 894 1074 ea,
926 1005 1029 1076 quibus
1060 1008 1139 1066 omni
1168 1024 1266 1066 rerum
1296 1012 1374 1067 statu

238 1104 359 1162 florente
379 1105 410 1161 in
430 1102 579 1176 potentIae
599 1103 682 1173 quasi
701 1101 817 1175 fastigio
838 1101 1023 1175 versabatur,
1046 1103 1076 1162 in
1096 1105 1199 1174 quibus
1219 1120 1375 1164 numeran-

239 1200 304 1259 dum
319 1204 369 1258 ‘est
390 1199 512 1272 spatium
533 1198 655 1256 intera.
679 1198 737 1257 270
758 1203 789 1256 et
809 1199 877 1257 266.
900 1231 939 1242 -

316 1296 440 1353 Praeter
470 1295 629 1353 encomium
650 1294 737 1354 XVII
756 1295 858 1354 laudes
879 1294 1063 1369 Philadelphi
1094 1301 1201 1353 canunt
1231 1295 1288 1355 duo
1311 1315 1375 1357 car·

237 1394 323 1456 mina,
345 1390 418 1450 XIV
439 1397 469 1450 et
489 1388 555 1449 XV.
598 1390 677 1461 Quae
703 1391 818 1460 quando
840 1391 951 1463 scripta
971 1392 1043 1462 shrt,
1064 1392 1115 1450 vix
1134 1407 1267 1463 umquam
1288 1409 1374 1451 acon·

236 1493 300 1546 rate
320 1489 556 1560 investigabitur.
598 1486 723 1545 Carmen
743 1488 813 1546 XIV
835 1488 912 1546 enirn
933 1487 1080 1548 Haulerus
1111 1489 1233 1563 (11301
1259 1489 1373 1549 dixerat

237 1590 306 1658 post
330 1585 481 1644 Theocriti
512 1602 548 1643 ex
569 1584 706 1658 Aegypto
737 1584 863 1658 reditum
893 1585 978 1656 paulo
1005 1591 1073 1644 ante
1094 1602 1121 1644 a.
1143 1586 1201 1644 248
1223 1585 1254 1646 in
1274 1585 1375 1648 Sicilia

238 1683 427 1754 compositum
449 1698 511 1740 esse
530 1680 669 1756 (Passow.
692 1680 713 1739 1.
735 1680 754 1740 l.
777 1697 804 1752 p.
830 1679 909 1754 133).
951 1679 1010 1739 Sed
1030 1682 1153 1754 primum
1172 1681 1248 1740 unde
1267 1683 1375 1742 scimus

237 1795 372 1850 umquam
397 1783 512 1850 poetam
534 1776 717 1836 Alexandria
748 1777 853 1834 relicta
878 1777 909 1834 in
934 1777 1060 1849 patriam
1084 1780 1262 1839 revertisse?
1302 1780 1375 1838 Mihi

239 1875 352 1947 quidem
377 1877 463 1948 longe
484 1875 539 1933 hoo
565 1875 667 1932 abesse
695 1873 809 1932 videtur
829 1890 848 1930 a
868 1874 932 1931 veri
952 1873 1150 1932 similitudinis
1170 1877 1275 1948 specie,
1306 1880 1375 1948 quia

239 1989 323 2044 quarn
344 1971 477 2031 turbidae
495 1987 637 2043 quamque
659 1969 847 2043 perturbatae
867 1970 927 2028 illle
946 1970 1126 2042 temporibus
1145 1987 1244 2032 omnes
1258 1972 1375 2032 Siciliae

238 2085 285 2127 res
305 2073 425 2141 propter
450 2068 557 2126 bellurn
578 2067 717 2124 Panicum
750 2065 860 2125 fuerint
886 2066 972 2124 facile
993 2067 1179 2140 perspicitur.
1225 2069 1372 2138 ,Gratiis“

239 2166 298 2224 suis
318 2165 391 2224 nihil
412 2164 585 2224 Theocritus
617 2164 796 2235 profecerat,
829 2163 902 2220 nihil
923 2163 986 2221 fere
1007 2180 1106 2223 earum
1126 2181 1224 2222 rerum
1244 2166 1375 2225 accidere

239 2267 421 2336 cognoverat,
453 2277 523 2333 quas
555 2265 723 2334 speraverat
748 2265 844 2318 mente
865 2264 927 2316 tarn
947 2258 1067 2318 fervida.
1110 2261 1149 2318 Iit
1169 2262 1290 2320 rediisse
1310 2279 1375 2320 eum

239 2359 403 2432 putabimus
423 2359 453 2415 in
474 2359 598 2415 insulam
619 2357 699 2415 illanr
721 2357 806 2428 idque
827 2373 880 2429 per
899 2357 1029 2427 inquieta
1049 2358 1118 2415 belli
1139 2364 1280 2432 tempora,
1301 2375 1376 2430 quac

238 2455 332 2530 poetis
351 2456 446 2515 locum
467 2456 514 2512 vix
536 2454 605 2513 dare
627 2457 787 2526 perorante
829 2453 924 2525 Quare
944 2453 1001 2513 etsi
1021 2469 1079 2513 non
1099 2455 1185 2528 plane
1206 2457 1375 2528 negaverim

238 2554 365 2626 potuIsse
385 2553 460 2622 lieri,
481 2560 513 2609 ut
534 2551 707 2611 Theocritus
728 2568 764 2609 ex
789 2551 862 2608 urbe
881 2550 1116 2609 Ptolemaeorum
1138 2552 1257 2624 rediret,
1278 2557 1375 2611 tamen

239 2666 303 2707 curn
324 2649 358 2707 de
380 2665 415 2707 ea
428 2666 461 2707 re
482 2649 622 2707 traditum
643 2647 713 2705 nihil
728 2647 893 2718 habeamus,
916 2647 1072 2705 verisimile
1092 2652 1137 2705 est
1151 2663 1216 2705 eum
1230 2654 1374 2707 moratum

238 2762 300 2805 esse
321 2744 528 2817 Alexandriae,
557 2761 613 2817 qua
639 2745 710 2803 urbe
732 2744 893 2802 nullatum
913 2744 1008 2816 poetis
1029 2745 1126 2816 aptior
1146 2750 1219 2803 erat
1261 2745 1375 2804 Deinde

237 2843 267 2900 In
287 2842 389 2902 Sicilia
410 2858 525 2901 carmen
537 2841 610 2899 XIV
632 2840 779 2900 condItum
800 2856 865 2898 esse
878 2856 971 2911 neque
991 2840 1050 2900 ullo
1065 2841 1129 2899 eius
1148 2841 1213 2899 loco
1233 2839 1373 2915 firmatur,

237 2944 268 2997 et
287 2955 323 2997 ne
344 2943 407 2997 turn
427 2939 542 3010 quidem
573 2954 645 3011 opus
674 2944 751 2995 esset
771 2938 825 2995 hoo
846 2953 967 3010 ponere,
999 2938 1025 2995 si
1050 2941 1130 2995 reete
1151 2938 1321 2998 scholiastes
1343 2941 1376 2997 in

237 3042 406 3108 argumento
437 3034 571 3095 dixisset:
602 3033 636 3091 τὰ
660 3032 808 3111 πράγματα
840 3032 869 3089 ἐν
890 3030 1008 3109 Σικελίᾳ.
1055 3034 1148 3104 Quam
1179 3035 1374 3101 opinationem

238 3132 310 3191 nihil
340 3132 370 3189 in
403 3132 529 3191 carmine
561 3132 623 3205 ipso
656 3130 777 3202 probet:
809 3145 901 3201 neque
932 3130 1008 3188 enim
1039 3130 1108 3189 solis
1129 3128 1236 3189 Siculis
1266 3132 1376 3191 licebat

128 3263 133 3277 ι
237 3230 347 3287 dicere:
377 3228 544 3302 πλευσοῦμαι
570 3226 662 3303 κήγὼν
683 3226 834 3288 διαπόντιος
854 3226 929 3301 (55).
971 3225 1106 3298 Denique
1127 3243 1178 3285 cur
1197 3229 1284 3300 paulo
1306 3236 1374 3287 ante

238 3327 331 3399 ipsum
351 3342 457 3383 annum
472 3326 529 3383 248
551 3325 700 3397 scripserit
720 3324 775 3381 hoo
790 3339 914 3395 carmen,
936 3322 1031 3381 fateor
1050 3341 1096 3381 me
1116 3340 1173 3382 non
1194 3324 1372 3398 intellegere,

237 3424 292 3483 nisi
314 3422 391 3481 forte
412 3438 428 3481 θ
448 3438 490 3480 vs.
514 3421 551 3481 69
573 3438 633 3493 sqq.
657 3420 797 3483 conclusit
828 3426 946 3493 poetam
971 3436 1068 3479 senem
1094 3420 1200 3484 fuisses
1232 3425 1264 3479 at
1288 3422 1374 3480 nimis

237 3522 347 3579 Incerto
367 3518 471 3578 statuit
491 3519 543 3577 sub
564 3518 678 3575 nornine
700 3518 871 3590 Thyoniehi‚
894 3518 975 3575 cuius
996 3532 1095 3575 versus
1118 3517 1163 3575 illi
1184 3521 1258 3590 sunt,
1281 3519 1373 3576 latere

163 3648 164 3651 ¹
236 3618 331 3691 ipsum
352 3616 546 3687 Theocritum,
570 3621 603 3673 ut
621 3615 783 3673 BrInlrerus
804 3630 917 3686 quoque
938 3613 978 3689 (p.
1003 3614 1054 3688 14)
1075 3614 1217 3687 opinatur.

318 3714 427 3773 Contra
452 3712 597 3785 Spohnius
628 3712 672 3786 (p.
693 3713 711 3769 5
734 3711 809 3785 sqq.)
841 3716 872 3769 et
898 3710 1140 3769 Wuestemannus
1170 3710 1293 3785 (p.,200
1314 3713 1371 3787 sq.)

236 3811 437 3871 iudicaverunt
462 3826 578 3869 carmen
598 3809 668 3867 XIV
691 3808 878 3867 Theocritum
898 3806 1100 3866 Alexandriae
1125 3806 1288 3880 scripsisse,
1313 3809 1372 3881 pri-

236 3923 356 3981 usquam
377 3908 407 3965 in
428 3905 559 3965 Siciliam
578 3904 702 3974 rediret,
724 3904 742 3962 i.
765 3922 790 3963 θ.
813 3909 882 3963 ante
903 3922 927 3963 c.
948 3903 1032 3962 XVI.
1075 3901 1134 3963 Sed
1160 3907 1193 3960 ut
1218 3903 1254 3963 de
1277 3904 1373 3963 reditu

236 4004 295 4063 ianr
315 4020 371 4061 non
392 4004 481 4060 verba
494 4002 608 4067 faciam,
631 4002 739 4060 sivero
753 4018 843 4073 supra
857 4001 1054 4060 demonstravi
1075 3998 1216 4071 querellas
1236 4000 1373 4059 carminis

236 4100 314 4160 XVI
335 4116 391 4158 non
422 4098 460 4157 ad
480 4099 679 4158 Ptolemaeum
709 4097 873 4170 pertinere,
905 4097 1061 4157 verisimile
1092 4101 1137 4155 est
1167 4112 1282 4153 carmen
1301 4098 1372 4155 XIV

237 4212 349 4269 quoque
379 4202 476 4255 aetate
507 4195 627 4254 inferius
659 4210 833 4266 essequam
853 4194 936 4255 XVI.
976 4195 1052 4252 Nam
1084 4193 1158 4252 mira
1178 4196 1254 4249 esset
1274 4192 1371 4251 Incon-

1181 4285 1212 4341 2*
