3217 4950
677 521 896 583 ...51-

304 709 465 767 Brinkerus
478 708 553 767 enim
569 707 611 783 (p.
628 709 665 767 65
680 707 737 782 sq.)
751 713 854 766 contra
867 711 955 778 atque
970 723 1023 779 ego
1039 706 1168 765 iudicans
1182 706 1353 779 suspicatur,

229 804 306 877 quod
337 803 529 863 Callimachus
561 803 710 876 scripserit
741 803 868 877 epyllion
895 799 1036 879 Ἑκάλην,
1073 803 1257 862 Theocritum
1295 802 1357 860 eius

228 903 357 975 exemplo
389 901 547 960 excitatum
576 903 670 975 ipsum
702 917 813 973 qnoque
844 901 1026 960 descendisse
1057 901 1093 960 ad
1120 899 1248 974 epylliou
1279 915 1358 957 com-

228 997 400 1072 ponendum.
443 1000 522 1071 Quae
549 999 644 1071 opinio
669 1003 765 1056 nt'rum
787 1014 857 1056 vera
876 997 918 1056 sit
937 1014 974 1056 an
1000 997 1087 1068 falsa,
1113 998 1276 1070 disceptare
1301 1013 1359 1055 nou

229 1095 333 1167 ausim;
365 1101 444 1154 certe
475 1112 532 1154 nou
562 1095 733 1168 probabitur
763 1111 797 1153 eo
824 1094 922 1166 modo,
953 1110 1009 1166 quo
1041 1094 1163 1168 probare
1188 1095 1235 1153 vir
1259 1093 1359 1152 doctus

227 1196 346 1251 conatus
367 1197 426 1261 est;
453 1194 515 1264 qui,
537 1198 570 1250 ut
590 1193 650 1250 alia
670 1192 811 1264 omittam,
833 1208 897 1249 oum
918 1192 1017 1250 verbis
1038 1191 1187 1250 Theocriti
1208 1190 1280 1265 (278
1301 1191 1359 1266 sq.)

229 1288 274 1348 acl
294 1287 459 1366 ἀμφεθέμην
481 1289 618 1366 μελέεσσιν
633 1287 714 1366 ἕρκος
735 1287 859 1347 sonantes
874 1288 1053 1367 ταμεσίχροος
1073 1286 1190 1367 ἰωχμοῖο
1211 1294 1362 1361 comparat

138 1419 140 1424 ,
227 1385 421 1458 fragmentum
443 1387 666 1446 Callimacheum
687 1387 786 1462 (142);
814 1386 845 1444 τὸ
867 1386 897 1444 δὲ
918 1383 1017 1449 audior
1037 1385 1093 1460 (sio
1115 1385 1262 1460 Schneid.)
1285 1383 1361 1462 ἀνδρὶ

229 1481 369 1560 ναλύπτρη
390 1482 558 1559 γιγνόμενον,
580 1486 686 1561 νιφετοῦ
701 1483 746 1544 καὶ
767 1484 869 1560 βελέων
884 1485 985 1560 ἔρομαι
1006 1483 1081 1542 unde
1101 1482 1174 1540 nihil
1188 1482 1361 1540 concluden-

229 1580 297 1638 dum
318 1585 370 1653 est,
394 1581 526 1653 quoniam
546 1586 579 1639 ut
599 1581 688 1640 verba
709 1581 824 1640 diversa
844 1585 919 1653 sunt,
941 1581 984 1638 ita
1004 1596 1052 1638 res
1073 1580 1103 1638 in
1125 1579 1253 1638 eiusdem
1275 1595 1360 1650 argn-

229 1677 319 1734 meuti
339 1676 532 1750 descriptione
553 1677 652 1737 eadem
673 1694 735 1736 esse
749 1683 874 1749 poterat,
896 1677 921 1735 si
942 1676 1058 1748 quidem
1088 1676 1248 1734 Herculem
1269 1676 1360 1734 leonis

229 1773 306 1846 pelle
326 1773 463 1833 vestitum
484 1775 640 1834 innotuisse
661 1779 743 1833 const
761 1777 781 1832 t.
863 1796 868 1804 ·

310 1871 388 1928 Idem
419 1870 580 1931 Brinkerus
612 1873 650 1946 (p.
680 1874 696 1931 9
730 1873 793 1931 adn.
823 1873 855 1948 l)
886 1877 985 1930 censet
1022 1872 1100 1941 „sino
1132 1871 1236 1929 dubim
1271 1869 1361 1928 calli·

230 1968 379 2026 matheum
408 1984 522 2027 versum
553 1965 692 2026 Μουσάων
723 1967 830 2046 ὄρνιθες
861 1967 1012 2026 ἆοιδότατοι
1042 1971 1182 2044 πετεηνῶν
1213 1967 1258 2043 (4,
1291 1965 1363 2042 252)

234 2064 419 2123 Theocritum
439 2063 582 2124 imitatum
603 2055 680 2135 esse,
708 2083 771 2124 cnm
794 2069 821 2138 7,
843 2067 880 2124 47
903 2066 1044 2123 scriberet
1064 2064 1109 2123 καὶ
1130 2061 1235 2122 Μοισᾶν
1256 2061 1363 2141 ὅρνιχες

235 2166 264 2219 et
288 2163 332 2234 12,
356 2164 373 2219 7
395 2161 539 2239 ἀοιδοτάτη
555 2165 707 2239 πετεηνῶν.
729 2160 773 2219 At
787 2162 835 2232 qui
849 2161 904 2219 hoc
918 2161 1001 2219 modo
1015 2161 1191 2220 imitationes
1209 2166 1360 2231 venantur,

234 2276 335 2332 parum
349 2258 484 2318 videntur
498 2259 634 2332 cogitare,
649 2259 762 2330 qualem
776 2258 964 2316 Theocritum
974 2258 1094 2331 fingant,
1109 2273 1194 2329 quom
1208 2273 1378 2330 pauperem·

234 2357 362 2429 ingenio,
395 2373 480 2428 quam
512 2357 558 2415 vel
584 2357 681 2428 aliqua
706 2356 792 2414 laude
818 2362 919 2414 nostra
938 2355 1101 2427 indiguum,
1133 2355 1214 2412 illum
1238 2358 1363 2427 poetam,

235 2469 319 2523 quem
337 2453 554 2527 incomparabili
568 2453 652 2512 modo
667 2451 811 2512 Goethius
824 2453 1004 2525 praedicavit
1027 2451 1099 2522 „deu
1113 2452 1236 2511 Blumen
1251 2452 1366 2525 singen-

235 2550 302 2618 den,
329 2550 431 2622 Honig
452 2550 609 2618 lallenden,
635 2550 796 2609 ireundlioh
818 2551 986 2609 winkeudeu
1006 2551 1176 2609 Tlreokrit“.
1205 2548 1295 2608 Velut
1320 2550 1367 2606 hic

235 2652 343 2705 temere
364 2652 453 2720 poeto
466 2648 601 2718 arguitur
616 2664 651 2705 ex
665 2664 721 2704 uno
742 2664 827 2706 versu
843 2647 1038 2706 Callimacheo
1053 2649 1125 2707 duos
1139 2647 1242 2707 iecisse
1255 2663 1367 2721 pannos

235 2760 340 2815 eosque
361 2745 431 2801 locis
452 2744 537 2817 plane
552 2743 674 2801 diversis
695 2745 827 2803 assuisse.
857 2745 931 2802 Nam
952 2745 1030 2817 apud
1043 2744 1255 2803 Callimachum
1274 2746 1367 2804 verbe

236 2842 271 2899 de
292 2842 389 2914 cycnis
410 2847 509 2899 natum
523 2841 667 2912 Apollinis
682 2842 863 2900 cantantibus
884 2841 964 2901 dicta
983 2847 1064 2914 suut;
1086 2841 1163 2915 apud
1177 2842 1363 2901 Theocritum

236 2954 305 2997 vero
328 2936 430 2996 Μοισᾶν
457 2937 564 3017 ὄρνιχεε
594 2955 651 2998 non
684 2940 766 3013 cycni
798 2955 891 3011 neque
922 2939 1073 3011 lusciniae,
1105 2944 1138 2996 ut
1169 2940 1245 2999 falso
1275 2940 1368 2999 voluit

238 3034 429 3095 Schneiderus
450 3036 492 3111 (p.
516 3037 597 3110 315),
620 3036 671 3094 sed
692 3040 811 3109 propter
831 3037 1002 3095 vocabulum
1023 3034 1232 3113 sourdlovrec')
1252 3037 1367 3095 intelle·

237 3137 341 3205 guntur
366 3148 430 3189 cum
462 3125 627 3205 contemptu
653 3132 776 3205 quodam
802 3142 834 3191 et
858 3134 990 3192 irrisione
1012 3133 1161 3191 Musarum
1186 3133 1256 3205 galli
1281 3134 1368 3205 gulli-

237 3229 333 3299 naoei‚
360 3230 409 3301 qui
430 3229 567 3288 adversus
586 3230 747 3288 Homerum
773 3227 951 3295 κοκκύζοντες
977 3228 1075 3288 ἐτώσια
1097 3229 1263 3308 μοχθίζοντι.
1310 3230 1370 3288 Gur

238 3327 328 3397 igitur
348 3327 436 3384 verba
457 3323 561 3384 Μοισᾶν
583 3324 690 3405 ὄρνιχος
709 3343 767 3386 non
787 3344 840 3386 suo
861 3328 975 3400 ingenio
998 3327 1102 3386 dehere
1122 3332 1239 3400 poterat
1258 3328 1298 3397 is,
1320 3327 1371 3399 qui

238 3427 384 3494 tamquam
410 3422 598 3496 oppositionis
626 3440 712 3481 causa
735 3424 822 3498 paulo
843 3429 912 3482 ante
932 3424 986 3500 (vs.
1009 3422 1061 3499 37)
1086 3423 1245 3497 scripserat
1265 3421 1370 3482 Μοισᾶν

238 3519 359 3597 ναπορὸν
395 3518 503 3594 στόμα2
554 3518 658 3578 Verbis
689 3525 785 3579 autem
816 3520 963 3597 ἀοιδοτάτη
995 3523 1134 3597 πετεηνῶν
1166 3521 1289 3580 luscinia
1318 3538 1371 3580 no·

239 3617 365 3675 minatur
395 3633 481 3676 seusu
511 3616 628 3690 proprio
659 3622 690 3676 et
719 3634 839 3691 prorsus
859 3634 875 3676 e
899 3635 994 3687 more;
1026 3634 1092 3676 nam
1112 3616 1269 3691 Euripides
1301 3617 1373 3677 dicit

240 3766 397 3835 caprarium
419 3764 509 3837 idyllii
527 3766 568 3821 ΙΙΙ
592 3770 620 3822 et
637 3766 751 3822 Battum
773 3766 811 3823 id.
829 3766 867 3822 1V
892 3766 1111 3837 intellegendum
1134 3784 1196 3823 osse
1214 3766 1372 3834 Battiaden,

240 3854 266 3909 h.
286 3870 307 3908 c.
330 3852 538 3910 Callimachum.
558 3887 591 3895 —

312 3942 332 4012 ¹)
352 3939 480 4002 κσννύζειν
505 3943 619 4014 propria
640 3960 693 4021 vor
716 3946 759 3999 est
787 3944 822 3999 do
842 3944 979 4014 gallorum
1003 3946 1100 4013 cantu3
1125 3944 1203 4001 velut
1221 3944 1372 4014 Sophocles

240 4028 352 4085 dixerat
369 4028 505 4101 κσκκυβόσις
525 4030 591 4102 ὄρνις
611 4030 674 4100 (frg.
695 4034 747 4087 718
765 4032 898 4103 Nauck);
922 4031 960 4113 Πολ.
981 4032 1086 4087 Oratim
1105 4032 1156 4102 frg.
1176 4035 1227 4088 311
1248 4031 1372 4101 (Koch.):

241 4117 370 4175 νοκιιύζειν
399 4116 442 4171 τὸν
469 4118 615 4191 ἀλεκτρυόν’
641 4118 683 4173 οὐκ
703 4120 847 4191 cripturam
876 4120 948 4177 Plat.
967 4138 1036 4177 com.
1065 4119 1118 4191 frg.
1146 4124 1212 4190 2093
1241 4124 1293 4176 etc.
1331 4120 1372 4177 Cf.

242 4206 326 4261 etiam
345 4206 376 4261 V.
389 4206 479 4261 Hehu.
498 4206 747 4279 „Kulturphsuzen
766 4228 792 4265 u.
812 4210 1034 4278 ilementorum,
1053 4226 1080 4279 p.
1100 4212 1160 4266 523.
1182 4238 1212 4249 ⁸—

1167 4299 1197 4349 4}
