3217 4950
704 527 923 591 ..23-

243 715 275 776 ἐκ
289 716 353 780 Διὸς
374 714 553 794 deposeat«,
575 717 606 774 in
620 706 723 787 quibus
743 715 818 774 nihil
832 719 876 774 est
889 715 1044 788 singulare,
1066 716 1143 774 alter
1156 718 1236 776 velut
1249 735 1377 790 gemmas

242 813 465 886 pretiosissimas
485 814 522 872 ab
543 813 636 872 altero
656 813 820 884 sumpserit,
848 828 905 897 non
926 818 1061 886 apparet3
1087 813 1184 886 potius
1204 815 1231 873 si
1251 820 1281 873 et
1300 815 1378 888 apud

243 911 428 970 Theocritum
460 915 491 968 et
522 909 600 982 apud
629 908 756 968 Aratum
787 900 881 967 totum
912 925 1027 968 remum
1056 911 1219 982 legeremus
1250 909 1282 968 ἐκ
1313 909 1377 974 Διὸς

242 1004 413 1084 ἀρχώμεαθα
438 1005 484 1064 καὶ
505 1004 534 1069 ἐς
555 1003 607 1064 Δία
628 1005 724 1082 λήγετε
745 1002 858 1074 Μοῖσαι,
891 1013 1013 1079 propter
1037 1011 1212 1066 conaturam
1236 1012 1377 1065 mutatam

243 1102 427 1182 (ἀρχώμεσθα
441 1135 479 1146 -
496 1102 795 1179 λήγετε)ο11οοοοαια
810 1103 906 1175 specie
926 1102 1049 1162 fortasse
1062 1103 1166 1162 liceret
1184 1104 1378 1184 imitationem

242 1205 368 1271 captare.
410 1199 518 1270 Quodsi
540 1199 603 1270 quis
624 1203 751 1272 opponat
771 1197 967 1270 Theocritum,
994 1201 1100 1272 quippe
1125 1200 1175 1272 qui
1194 1201 1281 1258 Arati
1305 1201 1376 1258 ami-

242 1295 313 1354 citia
326 1299 465 1365 uteretur,
486 1295 636 1368 repetiisse
656 1296 746 1354 verba
760 1294 792 1353 ἐκ
806 1294 871 1358 Διὸς
884 1294 1064 1373 ἀρχώμεσθα,
1087 1300 1119 1354 ut
1133 1297 1227 1355 amico
1247 1297 1378 1370 placeret

242 1396 272 1450 et
297 1397 443 1463 tamquam
474 1392 711 1465 approbationem
742 1392 914 1463 laudemque
945 1393 1072 1462 ahenam
1103 1393 1130 1450 ei
1160 1391 1375 1465 testificaretur,

241 1488 316 1546 mira
342 1493 419 1548 esset
443 1490 515 1548 haec
539 1487 616 1546 ratio
643 1487 834 1546 collaudandi.
881 1488 931 1545 An
951 1489 1123 1546 alterutrum
1148 1488 1287 1547 faciemus
1306 1491 1377 1547 item

242 1585 338 1658 inepte
363 1587 551 1662 παρῳδοῦντα,
576 1589 609 1643 nt
628 1585 727 1643 Strato
749 1585 824 1643 Iouis
838 1601 968 1643 amorum
988 1583 1187 1657 furtorumque
1207 1586 1377 1644 recordatus

242 1678 355 1758 Μούσης
375 1683 500 1759 παιδικῆς
519 1682 594 1740 libro
614 1682 670 1740 hoo
690 1681 839 1740 exordium
859 1682 1041 1754 praeposuit:
1063 1681 1096 1740 ἐκ
1116 1680 1181 1745 Διὸς
1195 1680 1376 1760 ἀρχώμεοθα,

241 1776 337 1842 καθὼς
358 1777 466 1856 εἴρηκεν
481 1775 602 1855 Ἀρατος
623 1778 690 1854 (eto.
713 1777 829 1836 Anthou
852 1777 915 1838 Pal.
936 1778 1005 1845 XII,
1030 1777 1082 1853 l)⁶.>

322 1875 487 1948 speciosius
511 1875 659 1934 Haulerus
689 1874 732 1950 (p.
762 1874 843 1950 13)¹)
875 1875 1039 1948 suspicatus
1069 1880 1113 1933 est
1144 1876 1175 1934 in
1201 1875 1376 1934 Simichidae

242 1972 369 2030 carmine
383 1971 494 2031 Panem
515 1971 599 2030 deum
611 1977 767 2044 propterea
780 1971 912 2030 invocari
937 1972 975 2029 ad
988 1973 1115 2030 Aratum
1129 1988 1226 2031 amore
1240 1978 1377 2032 vexatum

241 2068 433 2128 adiuvandum
453 2068 495 2144 (7,
520 2070 576 2128 103
598 2068 682 2144 squ).
704 2068 780 2139 quod
801 2069 826 2127 is
839 2069 977 2140 hymnum
998 2069 1028 2126 in
1042 2067 1153 2127 Panem
1174 2071 1376 2142 composuerit.

242 2165 406 2225 Cavendum
428 2171 524 2224 tamen
544 2170 598 2236 est,
623 2183 660 2223 ne
673 2166 786 2238 longius
806 2166 1027 2239 progredientes
1049 2165 1226 2225 imitationes
1239 2167 1375 2258 illossloco

241 2281 390 2336 ponamus,
419 2264 553 2335 qnoniam
576 2263 654 2322 hand
674 2262 761 2322 facile
781 2263 929 2335 explorari
949 2267 1060 2336 potest,
1095 2268 1251 2334 „quantum
1278 2279 1376 2321 rerum

241 2371 273 2420 et
292 2362 497 2420 vocabulorum
521 2361 677 2434 repetitum
703 2359 742 2418 sit
766 2377 803 2418 ax
823 2358 912 2418 Arati
936 2361 999 2418 vita
1025 2376 1061 2418 ac
1086 2360 1201 2432 poesi“,
1233 2363 1267 2415 nt
1296 2364 1377 2418 recte

241 2459 352 2518 iudicat
377 2457 607 2533 Buechelerus²).
648 2456 786 2515 Eiusdem
811 2457 868 2516 riri
894 2457 1039 2530 praeclari
1065 2457 1209 2517 sententia
1234 2457 1376 2516 vocabulo

241 2554 427 2631 τετραμμένος
452 2555 508 2631 (us.
532 2554 602 2631 112)
622 2554 794 2613 Theocritus
818 2554 948 2613 imitatus
972 2557 1095 2614 Aratum
1118 2555 1207 2624 ludit,
1238 2555 1270 2611 in
1297 2554 1377 2612 cuins

241 2652 453 2711 Phaenomenis
468 2658 529 2710 tam
549 2651 683 2723 frequens
696 2651 782 2710 huius
802 2651 880 2711 vocis
893 2668 963 2711 usus
980 2652 1028 2724 sit,
1050 2659 1084 2709 nt
1104 2650 1299 2710 commodasse
1313 2667 1377 2709 eam

241 2750 377 2809 videatur
398 2750 504 2809 ceteris
522 2748 625 2823 poetis.
669 2748 751 2819 Quod
772 2748 797 2807 si
818 2764 918 2807 rernm
938 2754 991 2818 est,
1013 2748 1186 2807 Theocritus
1206 2748 1377 2806 imitationis

241 2846 375 2904 sibinen
400 2846 532 2905 conscius
556 2846 629 2904 illud
659 2846 830 2905 vocabulum
856 2848 960 2919 posuit.
1001 2847 1113 2904 Aratm
1143 2846 1221 2903 enim
1252 2862 1316 2903 cum
1346 2845 1378 2902 in

242 2942 351 3001 eisdem
372 2943 469 3001 verbis
490 2948 521 3001 et
541 2942 750 3001 elocutionibus
764 2942 925 3002 scribendis
944 2959 1157 3014 nonnumquam
1176 2943 1255 3001 haud
1275 2942 1377 3015 procul

241 3040 325 3097 abest
345 3057 364 3097 a
384 3040 493 3110 taedio,
519 3044 581 3097 tum
602 3038 757 3113 participia
782 3039 904 3112 perlecti
924 3040 1041 3112 passiva
1061 3038 1146 3097 valde
1166 3038 1285 3098 videtur
1304 3038 1377 3095 ada-

241 3150 349 3201 mosum
371 3136 414 3193 sio
434 3136 570 3209 legimus:
593 3134 713 3194 κέκλιται
733 3134 806 3210 (286
827 3135 952 3210 Beth),
975 3132 1170 3213 παρακέκλιται
1191 3134 1289 3210 (281),
1312 3132 1378 3191 ὑπο·

241 3227 364 3290 κέκλιται
387 3231 483 3308 (321),
505 3230 669 3291 ἐπικέκλιται
683 3231 765 3307 (486.
788 3230 875 3306 897);
897 3231 941 3290 ἐπὶ
954 3232 1016 3290 λαιὰ
1033 3231 1194 3307 κεκλιμένον
1210 3230 1304 3306 (161),
1325 3229 1377 3288 ὑπὸ

242 3330 324 3406 πνοιῇ
348 3328 447 3406 βορέαο
473 3327 621 3405 κεκλιμένη
647 3328 749 3405 (356);
781 3328 918 3388 similiter
937 3328 1133 3387 Callimachus
1158 3328 1194 3387 de
1215 3327 1377 3386 Cimmeriis

242 3424 328 3483 dixit:
362 3424 391 3482 οἵ
419 3425 452 3502 ῥα
483 3424 544 3503 παρ’
577 3424 658 3483 αὐτὸν
689 3424 844 3500 κεκλιμένοι
874 3423 976 3483 ναίοοοι
1007 3425 1070 3502 βοὸς
1102 3424 1187 3501 πόρον
1217 3421 1378 3501 Ἰναχιώνης

242 3521 284 3595 (3,
306 3522 364 3581 253
386 3523 455 3597 αα),
476 3524 528 3581 nbi
547 3522 702 3597 κεκλιμένοι
723 3530 892 3596 corruptum
913 3539 977 3583 esse
997 3523 1030 3582 0.
1053 3522 1247 3583 Schneiderus
1267 3521 1377 3578 frustra

243 3618 398 3677 contendit
442 3619 633 3693 Participinm
665 3618 768 3677 deinde
799 3617 986 3696 τετραμμένος
1016 3619 1115 3677 novies
1146 3617 1223 3691 apud
1254 3620 1376 3674 Aratum

242 3714 312 3787 legi:
346 3731 388 3774 vo.
416 3717 455 3775 30
476 3716 589 3791 ἔμπαλιν
611 3714 648 3779 εἰς
673 3712 768 3790 ὤμους
792 3714 988 3792 τετραμμέναι,
1021 3716 1079 3774 298
1106 3712 1146 3772 ἐπ’
1173 3712 1308 3788 αἰγιαλοὺς
1332 3733 1376 3769 τε·

241 3809 399 3887 τραμμένοι,
424 3812 482 3870 632
504 3811 532 3875 ἐς
553 3810 648 3888 λοφιὴν
662 3810 850 3889 τετραμμένον
871 3809 934 3889 ἄχρι
952 3809 1014 3888 παρ’
1037 3809 1134 3887 αιἰτήνς
1156 3810 1193 3870 oi.
1216 3810 1285 3869 344.
1307 3809 1375 3867 387.

243 3908 310 3965 620.
334 3908 403 3968 669.
424 3908 497 3977 8533
519 3909 591 3967 575:
614 3906 738 3974 ἐξόπιθεν
758 3907 954 3985 τετραμμένος.
995 3909 1099 3980 Itaque
1119 3908 1291 3966 Theocritus
1313 3922 1377 3964 oum

241 4036 456 4051 mna-n·—

315 4125 336 4193 ¹)
358 4122 400 4180 of.
419 4124 548 4181 Brinher.
567 4142 595 4195 p.
614 4128 644 4191 73
663 4123 813 4181 Suscmihl.
831 4142 860 4196 p.
878 4124 915 4193 V3
934 4124 1094 4181 Haeberlin.
1125 4140 1154 4194 p.
1173 4124 1216 4178 bb.
1236 4153 1269 4161 -

314 4213 337 4279 ²)
356 4212 426 4267 idus.
445 4212 525 4269 rhen.
543 4214 586 4282 39,
608 4214 685 4281 1884,
705 4228 733 4282 p.
754 4215 816 4270 276.
835 4243 869 4253 -
