3217 4950
692 521 915 585 ..32-

236 708 330 782 μείονα
352 707 387 781 δ’,
421 707 482 768 εὖτε
511 709 596 787 νοήσῃ
623 711 673 786 (87
696 711 761 784 sq).
803 711 905 783 Neque
932 713 1009 770 enim
1039 719 1120 771 recte
1146 714 1308 772 Meinekius
1333 714 1368 773 de

235 806 303 863 solis
325 807 425 879 opibus
447 807 580 878 cogitans
605 808 689 865 nnius
709 809 755 866 vel
777 808 898 866 duorum
924 825 1058 868 versuum
1079 810 1210 867 lacunam
1234 827 1296 868 esse
1316 827 1368 883 pu-

234 906 347 960 tarerat
367 907 433 974 post
447 899 562 978 βέβηκεν
584 903 624 978 (p.
643 905 698 961 133
721 904 786 979 sq),
812 904 1202 983 11111111161περιπρὸγὰρ
1224 905 1288 982 εὐρὺ
1309 903 1365 983 [lid.

234 999 264 1054 in
287 998 451 1056 universum
471 998 550 1056 dicta
564 1015 620 1056 non
634 1000 803 1073 impediunt,
826 1001 977 1072 quominus
990 1003 1089 1060 statim
1103 1002 1274 1074 prudentiae
1288 1005 1367 1075 regis

234 1094 395 1167 exemplum
420 1095 569 1154 afferatur.
616 1095 811 1155 Callimachus
841 1098 932 1169 igitur
962 1104 1113 1170 postquam
1143 1101 1185 1157 sic
1216 1101 1261 1157 sui
1291 1101 1367 1172 regis

237 1191 408 1249 felicitatem
429 1192 615 1265 praedicavit,
638 1193 713 1251 hanc
727 1194 863 1251 carminis
883 1199 997 1265 partem
1017 1193 1088 1266 finit,
1115 1212 1178 1254 cum
1193 1196 1274 1254 addit
1295 1197 1368 1254 alios

233 1305 367 1360 regesne
388 1306 441 1362 per
455 1306 561 1346 annum
574 1290 688 1360 quidem
704 1306 776 1361 quae
790 1291 882 1348 velint
895 1308 980 1363 posse
994 1291 1144 1364 perficere,
1165 1294 1366 1351 nonnullorum

233 1401 303 1442 vero
335 1386 456 1444 consilia
481 1402 597 1458 prorsus
630 1387 771 1458 dirempta
797 1403 860 1444 esse
887 1387 938 1462 (89
961 1386 1030 1461 sq).
1071 1386 1178 1445 Omnes
1203 1389 1233 1445 hi
1257 1405 1365 1455 versus,

234 1481 336 1552 quihus
357 1482 392 1540 de
409 1499 480 1554 rege
502 1498 553 1540 suo
568 1485 655 1555 poeta
674 1482 745 1554 agit,
768 1483 835 1553 quin
849 1487 982 1554 spectent
1002 1483 1039 1539 ad
1053 1482 1250 1541 Ptolemaeum
1263 1483 1364 1542 Phila·

234 1577 377 1651 delphum,
394 1578 510 1636 dubium
523 1596 580 1637 non
595 1585 648 1648 est,
665 1594 837 1650 quamquam
851 1595 953 1636 nomen
969 1579 1030 1637 eius
1043 1596 1184 1650 nusquam
1199 1582 1363 1652 appellatur

235 1691 327 1746 neque
348 1675 504 1734 scholiasta
525 1677 562 1734 ad
582 1693 624 1736 vs.
647 1677 684 1734 86
707 1676 862 1747 quidquam
883 1675 1005 1733 adnotat
1025 1676 1093 1733 nisi:
1114 1675 1243 1752 περὶτοῦ
1265 1675 1367 1735 Πτολε·

234 1769 314 1845 μαίου
334 1772 420 1829 ταῦτα
441 1768 521 1846 λέγει.

312 1868 398 1928 Nune
418 1869 491 1927 haec
513 1885 576 1926 cum
591 1869 746 1926 Theocrito
770 1881 978 1941 comparemus.
1020 1869 1050 1927 Is
1070 1869 1154 1936 enirm
1176 1876 1328 1941 postquam
1349 1889 1367 1928 a

235 1963 275 2023 Co
297 1965 399 2032 insula,
422 1965 452 2022 in
466 1981 523 2034 qua
536 1969 620 2024 natus
639 1971 684 2024 est
696 1965 911 2038 Philadelphus,
933 1967 1085 2037 puerulum
1099 1967 1130 2023 in
1150 1967 1244 2024 lucem
1258 1967 1366 2025 editum

234 2061 391 2118 salutatum
411 2061 499 2119 finxit
521 2060 572 2136 (66
593 2061 678 2137 sqq),
701 2063 792 2121 1171
817 2062 890 2120 haee
911 2063 1000 2120 canit:
1023 2061 1061 2124 a<
1076 2059 1128 2139 ἄρα
1142 2065 1222 2126 νᾶσος
1242 2063 1366 2120 isinana

234 2155 255 2213 δ’
278 2154 381 2232 ὑψόθεν
403 2158 500 2231 ἔκλαγε
522 2159 601 2234 φωνᾷ
622 2157 650 2220 ἐς
670 2157 726 2236 τρὶς
747 2157 800 2215 ἀπὸ
822 2155 928 2234 νεφέων
960 2155 1046 2233 μέγας
1071 2158 1158 2222 αἰετὸς
1183 2159 1266 2222 αἴσιος
1286 2158 1365 2237 ὄρνις.

234 2253 269 2311 Id
290 2270 375 2324 quam
390 2255 502 2326 poetice
517 2255 715 2327 excogitatum
730 2256 776 2326 sit,
799 2270 884 2312 nemo
898 2272 956 2313 non
970 2256 1071 2323 sentim
1093 2255 1169 2326 quod
1189 2260 1287 2314 tamen
1300 2273 1365 2326 non,

234 2355 266 2406 ut
287 2350 350 2408 fieri
371 2352 454 2421 solet,
476 2351 575 2410 Iovem
596 2356 744 2410 tonantem
765 2351 846 2422 facit,
871 2352 923 2411 sed
942 2352 1053 2410 insulae
1073 2358 1143 2410 rota
1162 2353 1277 2422 aquilae
1298 2368 1367 2410 voce

234 2447 419 2520 prosequitur
444 2454 491 2507 ter
511 2452 646 2519 sonante,
679 2464 734 2507 non
758 2448 861 2507 duetus
886 2453 930 2507 est
950 2449 1080 2521 exemplo
1102 2447 1284 2521 Callimachi,
1317 2449 1367 2521 qui
1424 2492 1428 2495 -

235 2560 269 2602 ne
291 2546 397 2602 obtulit
417 2545 531 2616 quidem
553 2546 708 2617 quidquam
729 2546 837 2604 simile:
860 2545 936 2618 apud
957 2561 1022 2603 enm
1044 2546 1119 2603 enim
1132 2546 1229 2617 aquila
1249 2546 1278 2602 111
1301 2561 1366 2603 con-

233 2647 315 2699 textu
341 2642 426 2715 plane
452 2643 566 2700 diverso
592 2646 779 2701 memoratur:
813 2643 843 2700 in
874 2642 1045 2713 quaerendis
1074 2644 1160 2715 regni
1191 2643 1366 2700 ornamentis

232 2738 364 2812 Iuppiter
389 2740 519 2796 nuntium
546 2740 701 2811 assumpsit
722 2738 827 2796 οἰωνῶν
853 2736 914 2813 μέγ’
940 2738 1086 2817 ὑπείροχον
1108 2739 1182 2815 (68).
1223 2737 1274 2797 An
1293 2755 1366 2809 quae

233 2835 321 2893 verba
336 2834 531 2894 Callimachus
552 2835 634 2894 addit
654 2834 692 2893 ἅτ’
716 2835 779 2911 (sel.
794 2834 907 2912 τέρατα)
933 2835 1020 2911 ἐμοῖσι
1040 2834 1125 2912 φίλοις
1140 2833 1243 2901 ἐνδέξια
1264 2834 1365 2911 φαίνοις

232 2932 306 3007 (69),
330 2948 364 2990 11
386 2932 557 2990 Theocritus
581 2933 624 2989 ita
655 2932 784 2990 imitatus
810 2937 868 3002 est,
900 2937 934 2989 ut
954 2932 1021 2989 inde
1046 2929 1157 2989 faceret
1177 2948 1275 2990 versus
1299 2947 1366 2989 suos

233 3028 378 3102 optimost
419 3028 533 3087 Deinde
561 3033 628 3101 apte
659 3044 831 3101 progressus
861 3029 959 3100 pergit
986 3027 1064 3103 (73):
1110 3025 1199 3102 Ζηνός
1223 3049 1276 3085 που
1302 3026 1365 3084 τόδε

233 3129 314 3199 σᾶμα.
358 3124 417 3184 Sed
438 3144 488 3185 cur
510 3131 576 3185 vota
595 3128 706 3185 insulae
727 3127 793 3199 regi
809 3127 906 3185 dicata
926 3142 977 3183 suo
998 3125 1131 3199 prodigio
1152 3126 1214 3198 ipse
1227 3125 1365 3197 Juppiter

232 3221 410 3280 affirmavit?
442 3224 552 3295 Nempe
572 3222 616 3281 Διὶ
636 3220 771 3300 Κρονίωνι
792 3220 903 3298 μέλοντι
921 3222 1015 3280 αἰδοῖοι
1036 3222 1193 3299 βασιλῆες·ὁ
1215 3220 1236 3279 δ’
1259 3220 1364 3300 ἔξοχος,

233 3318 263 3375 ὅν
285 3340 316 3377 κε
338 3318 437 3395 φιλήσῃ
457 3318 610 3395 γεινόμενον
625 3318 659 3377 τὰ
679 3322 775 3396 πρῶτα
796 3320 848 3394 (73
870 3321 954 3395 sqq).
986 3319 1167 3404 Meminimus
1187 3335 1262 3376 nune
1275 3316 1365 3376 Galli-

233 3417 362 3473 maehum
385 3432 496 3488 quoque
517 3422 585 3489 post
606 3416 730 3487 aquilam
750 3417 840 3473 verba
858 3413 961 3480 ,fecisse
987 3416 1023 3473 de
1044 3416 1172 3487 regibus.
1213 3414 1295 3487 Quae
1308 3431 1366 3472 non

233 3511 311 3584 fecit,
334 3518 367 3571 ut
387 3512 504 3584 aliquod
524 3513 690 3585 prodigium
710 3512 877 3584 explicaret,
899 3511 950 3570 sed
970 3517 1004 3569 nt
1024 3512 1236 3570 demonstraret
1255 3528 1292 3568 ex
1311 3512 1366 3569 ho·

232 3609 355 3667 minibus
380 3609 457 3681 ipsos
488 3625 572 3681 reges
596 3609 693 3667 Iovem
722 3609 778 3667 sibi
803 3609 939 3667 tutandos
970 3608 1133 3681 sumpsisse.
1174 3608 1250 3665 Num
1275 3608 1367 3679 igitur

232 3705 417 3763 concedemus
444 3706 551 3775 ,mire“
587 3722 650 3763 cum
682 3704 859 3763 Callimacho
885 3703 1074 3763 Theocritum
1105 3704 1279 3776 consentire,
1312 3704 1365 3761 im·

232 3803 333 3875 primis
354 3804 380 3862 si
399 3802 620 3874 respexerimus,
647 3804 771 3875 primum
791 3802 840 3861 via
860 3817 946 3874 quam
968 3802 1082 3859 diversa
1103 3801 1139 3859 ad
1160 3817 1226 3859 suos
1247 3800 1365 3871 quisque

232 3915 332 3957 versus
354 3898 493 3957 deductus
514 3900 561 3968 sit,
584 3899 686 3957 deinde
702 3914 785 3970 quam
806 3898 903 3967 facile,
926 3915 1011 3969 qnam
1032 3903 1100 3970 apte
1113 3897 1261 3970 acciderit,
1283 3898 1365 3954 utin

233 4011 304 4067 rege
326 3994 495 4053 celebrando
517 3996 626 4053 mentio
648 3996 707 4055 eius
732 3996 779 4053 dei
800 3995 1016 4065 intericeretur,
1047 3995 1098 4065 qui
1118 4009 1231 4065 semper
1253 3997 1367 4050 tutator

233 4108 333 4164 regum
364 4093 543 4164 putabatur?
593 4091 711 4151 Etenim
741 4094 798 4150 iam
829 4091 973 4149 Hesiodus
1003 4092 1099 4164 theog.
1127 4091 1164 4149 96
1198 4089 1244 4165 (--
1268 4090 1365 4163 hymn.

232 4190 307 4247 hom.
331 4190 378 4257 25,
400 4188 433 4262 4)
454 4188 579 4246 dixerat:
614 4188 645 4247 ἐκ
667 4188 696 4246 δὲ
717 4188 779 4251 Διὸς
805 4190 942 4264 βασιλῆεςε
975 4187 1050 4244 unde
1075 4187 1144 4258 quin
1168 4186 1365 4244 Callimachus

234 4300 285 4341 sua
307 4284 461 4356 sumpserit
486 4284 612 4342 dubitari
637 4286 746 4357 nequit.
787 4283 849 4342 Cur
872 4284 961 4357 igitur
981 4282 1166 4349 Theocritus,
1198 4284 1224 4340 si
1249 4281 1365 4352 quidem
