3217 4950
698 532 919 595 ...12-

237 725 384 797 cognitum
398 723 530 782 habuisse
544 739 642 796 regem
653 721 889 796 Philadelphum
903 721 1087 791 nequeenim
1101 721 1129 780 ei
1141 738 1173 780 ee
1187 719 1366 781 commendat

237 826 289 879 aut
302 812 459 894 praemium
472 821 558 880 tectis
572 821 667 879 verbis
682 821 717 879 ab
739 837 772 878 eo
786 820 873 892 petit3
893 818 981 876 immo
996 835 1060 876 cum
1073 817 1214 876 scriberet
1228 815 1366 876 Μουσάων

239 915 261 974 δ’
284 915 418 994 ὑποφῆται
438 915 552 976 ἀείδοντι
573 915 741 992 Πτολεμαῖον
762 915 816 974 ἀντ’
839 913 991 992 εὐεργεσίης
1011 915 1085 991 (115
1103 914 1169 990 sq.),
1191 915 1317 973 fortasse
1337 920 1369 972 et

237 1015 299 1088 ipse
320 1019 454 1088 expertus
485 1019 549 1073 erat
574 1016 648 1073 hanc
669 1011 822 1092 εὖεργεσίην
854 1012 907 1086 (ci.
928 1012 1097 1073 Haeberlin.
1119 1029 1146 1084 p.
1169 1012 1229 1087 56).
1272 1011 1366 1083 Quare

236 1113 394 1170 utiterum
415 1112 517 1180 dicam,
550 1112 624 1184 quod
654 1116 724 1184 pute
744 1109 899 1170 tenendum
919 1125 992 1181 esse,
1018 1095 1086 1166 num
1105 1108 1192 1167 facile
1212 1107 1366 1167 Theocrito

236 1209 440 1283 imputabimus
459 1214 568 1268 tantam
589 1207 738 1280 adulandi,
766 1224 859 1281 paene
879 1206 940 1264 dixi
959 1205 1115 1264 mentiendi
1135 1211 1240 1276 artem,
1261 1209 1295 1262 ut
1313 1203 1366 1261 illa

240 1311 300 1364 tam
320 1307 411 1365 multa
430 1306 612 1380 praedicaret
632 1305 668 1363 de
687 1321 757 1377 rege
778 1303 904 1362 moribus
917 1319 976 1361 non
996 1318 1049 1376 per
1068 1303 1209 1375 longioris
1228 1301 1366 1374 temporis

236 1405 358 1476 spatium
380 1401 552 1476 compertis?
579 1435 617 1445 -
648 1400 792 1460 Carminis
813 1405 909 1459 autem
929 1399 1006 1460 XVI
1026 1404 1226 1472 argumentum
1245 1401 1367 1471 apparet

237 1515 295 1559 non
319 1504 378 1558 tam
404 1501 515 1559 versari
540 1501 570 1558 in
591 1499 800 1558 collaudatione
826 1498 964 1557 Hieronis
990 1513 1075 1569 quam
1099 1497 1128 1554 in
1149 1497 1239 1569 ipsius
1264 1500 1366 1568 poetae

238 1596 491 1656 commendatione.
535 1597 621 1656 Certe
641 1615 699 1656 non
719 1597 882 1669 contigerat
895 1596 1049 1654 Theocrito
1069 1594 1165 1653 nescio
1185 1592 1262 1667 apud
1283 1607 1366 1664 quem

237 1695 283 1752 vel
304 1694 379 1768 apud
410 1711 480 1768 quos
505 1695 565 1753 sive
586 1695 617 1752 in
637 1694 736 1753 Sicilia
761 1695 822 1752 sive
847 1691 982 1768 alicubi)
1013 1709 1057 1762 ea,
1085 1707 1169 1763 qnam
1194 1688 1366 1748 carminibus

239 1791 383 1863 petiverat
402 1792 538 1865 gratiam3
560 1791 657 1865 potius
677 1807 742 1864 spes
763 1807 828 1848 eum
849 1789 1002 1861 fefellerat,
1023 1788 1108 1860 idque
1129 1787 1256 1859 saepiam
1277 1800 1366 1856 quare

238 1888 382 1958 queritur:
403 1886 442 1952 τίς
461 1888 512 1966 γὰρ
531 1892 585 1946 τῶν
607 1887 699 1946 ὁπόσοι
719 1886 838 1962 γλαυκάν
859 1885 974 1944 ναίουσιν
995 1884 1040 1943 ὑπ’
1060 1884 1102 1942 ἀῶ
1121 1882 1257 1961 ἡμετέρας
1278 1880 1367 1959 Χοίρι-

237 2006 284 2047 τας
310 1983 428 2049 πετάσας
452 1983 607 2051 ὑποδέξεται
631 1984 699 2061 οἴκῳ
723 1983 859 2047 ἀσπασίως
880 1981 935 2041 otb‘
958 1980 1051 2046 αὖτις
1071 1980 1269 2058 ἀδωρήτοιις
1300 1977 1367 2036 ἀπο·

238 2080 355 2158 πέμψαι;
378 2085 437 2142 κτλ.
459 2082 489 2158 (5
505 2081 588 2156 sqq).
631 2081 712 2139 Haec
731 2081 821 2138 verba
841 2097 908 2137 num
921 2084 1042 2152 possunt
1062 2078 1120 2136 dici
1141 2079 1177 2136 de
1190 2077 1366 2144 Ptolemaeo,

239 2179 322 2249 qnasi
341 2185 429 2252 poeta
450 2181 575 2238 carmine
596 2179 688 2238 XVII
709 2179 867 2238 studuisset
886 2178 931 2236 illi
951 2178 1050 2235 Musas
1070 2193 1138 2236 suae
1158 2173 1366 2238 commendare,

241 2276 275 2333 de
297 2293 331 2335 eo
351 2276 528 2347 Ptolemaeo,
550 2278 586 2335 de
607 2293 662 2349 quo
685 2278 730 2348 17,
756 2278 812 2335 135
833 2293 894 2348 sqq.
916 2277 1088 2348 scripserat:
1110 2272 1189 2331 σέθεν
1211 2274 1234 2330 δ’
1250 2269 1305 2346 ἐγὼ
1322 2268 1368 2326 ἶσα

238 2372 283 2432 καὶ
305 2370 395 2432 ἀλλων
417 2371 555 2449 μνσίσομαι
574 2373 707 2451 ἡμιθέων·
730 2373 819 2433 δοκέω
841 2371 863 2431 δ’
885 2375 949 2436 ἔπος
974 2370 1025 2430 οὐκ
1045 2369 1198 2447 ἀπόβλητον
1218 2365 1368 2446 φθέγξομαι

238 2469 410 2547 ἐσσομένσιςί)

321 2571 361 2627 At
381 2569 525 2628 Halmium
546 2571 694 2629 audientes
714 2570 882 2641 negabimus
912 2570 967 2638 eis,
998 2584 1071 2640 quae
1090 2570 1177 2640 poeta
1197 2566 1227 2623 in
1247 2579 1271 2621 c.
1292 2559 1369 2620 XVI

240 2666 439 2741 conqueritur,
471 2673 582 2727 tantam
602 2669 659 2725 vim
690 2668 910 2741 impertiendam
936 2682 998 2725 esse
1028 2670 1080 2723 aut
1104 2665 1229 2723 animum
1250 2659 1368 2719 eiusde

242 2781 292 2837 spe
313 2765 433 2839 decepta
452 2781 484 2823 re
504 2782 574 2825 vera
594 2770 744 2839 tantopere
757 2765 845 2824 fuisse
866 2766 1055 2838 indignatum.
1097 2762 1151 2823 Vir
1172 2762 1246 2820 enim
1267 2758 1368 2816 doctus

239 2864 311 2922 haec
331 2862 496 2935 profitetur:
521 2864 599 2933 ,Das
614 2863 739 2923 Gedicht
759 2864 798 2921 ist
811 2879 869 2922 von
882 2864 962 2922 einer
983 2860 1244 2935 eigenthiimlichen
1263 2855 1368 2915 Keck·

239 2946 308 3016 hait.
350 2959 391 3017 Es
422 2959 461 3017 ist
490 2960 552 3018 eine
572 2959 766 3031 Ausfiihrung
795 2961 848 3019 der
877 2961 986 3033 Frage:
1028 2960 1102 3018 Wer
1124 2958 1181 3017 will
1200 2956 1258 3015 mir
1277 2960 1368 3015 etwas

239 3054 404 3113 schechem.>
434 3056 508 3115 Eine
522 3058 618 3115 selcha
633 3058 779 3117 Keckheit
799 3058 873 3116 wird
892 3059 965 3115 eben
978 3074 1033 3115 nur
1053 3058 1143 3117 durch
1164 3058 1220 3115 den
1239 3056 1367 3115 frischen

239 3154 310 3225 Tou,
333 3154 363 3210 in
384 3152 448 3211 dem
470 3154 512 3211 sie
533 3155 724 3227 vorgebracht
744 3154 826 3221 wind,
858 3154 913 3213 den
932 3155 1038 3213 halben
1057 3154 1174 3227 Schera,
1207 3155 1259 3213 der
1279 3155 1369 3213 damit

239 3250 404 3309 verbunden
424 3250 471 3320 ist,
493 3250 669 3323 ertriglich“
697 3250 730 3327 (l.
752 3252 771 3309 l.
793 3267 822 3324 p.
846 3250 925 3326 314).
956 3251 1063 3309 Mirum
1083 3257 1128 3310 est
1147 3254 1202 3310 hoc
1222 3252 1368 3311 iudicium.

239 3346 311 3421 Quis
332 3349 415 3419 enim,
436 3347 461 3405 si
474 3349 588 3420 saepius
609 3363 723 3406 carmen
737 3353 768 3406 et
787 3348 928 3420 imprimis
949 3364 984 3406 ea
997 3348 1165 3421 perlegerit,
1186 3366 1260 3422 quae
1280 3359 1368 3410 antea

240 3444 392 3516 exscripsi,
414 3444 445 3501 in
465 3444 509 3502 his
530 3444 669 3502 audacter
689 3443 768 3503 dicta
788 3450 819 3502 et
838 3444 886 3502 vel
906 3445 1015 3516 aliquid
1040 3445 1102 3503 ludi
1122 3447 1249 3515 sentiet?
1289 3447 1368 3519 Quae

240 3544 327 3612 poeta
341 3540 532 3611 conqueritur,
553 3557 626 3612 quae
645 3547 752 3613 sperat,
775 3557 811 3599 aa
830 3556 866 3598 ex
887 3541 989 3599 intimo
1002 3558 1087 3600 sensu
1108 3541 1253 3603 effluxisse
1275 3562 1368 3605 nonne

241 3641 364 3709 apparet
383 3654 400 3695 e
419 3638 548 3695 versibus
568 3636 773 3695 amoenissimis
788 3637 827 3694 82
841 3652 911 3709 sqq,
933 3637 1080 3708 inquibus
1101 3641 1368 3712 comprehendimus

240 3733 389 3792 Theocriti
408 3733 495 3791 anirni
515 3732 702 3804 gravitatem,
734 3732 928 3791 dulcissimum
954 3732 1125 3793 desiderium
1146 3738 1235 3809 pacis,
1255 3740 1368 3810 patriae

241 3846 366 3888 amorem
386 3828 637 3888 ardentissimum>
677 3830 743 3890 Non
764 3834 886 3903 apparet
906 3847 922 3887 e
942 3831 1072 3889 versibus
1087 3834 1141 3890 101
1165 3850 1236 3905 sqq,
1259 3836 1370 3894 utalia

242 3927 394 3985 omittam?
434 3924 475 3983 Et
494 3926 524 3983 in
543 3926 598 3985 hoc
619 3926 757 3999 carmine,
790 3926 866 3998 quod
886 3929 945 3985 tam
965 3928 1080 4001 plenum
1100 3934 1145 3987 est
1165 3934 1195 3988 et
1214 3931 1370 4003 gravitatis

242 4028 273 4080 et
292 4022 477 4095 granditatis,
500 4039 567 4081 usus
588 4028 633 4081 est
653 4022 774 4081 audacia
794 4028 825 4081 et
844 4023 934 4081 ludet
974 4023 1039 4082 Hoc
1060 4025 1186 4083 carmine
1206 4027 1278 4085 nihil
1291 4029 1370 4087 aliud

241 4120 333 4177 voluit
359 4120 416 4177 nisi
436 4120 505 4179 hoc:
530 4118 621 4189 ,Wer
640 4119 698 4177 will
718 4120 773 4177 mir
794 4123 883 4178 etwas
903 4119 1089 4179 schenkent>“

313 4269 334 4338 ¹)
354 4266 392 4325 Cf.
412 4268 528 4326 Vahlen.
546 4285 574 4339 p.
592 4270 657 4336 8423
676 4267 837 4324 Haeberlin.
855 4285 881 4338 p,
902 4268 936 4323 56
955 4267 1019 4324 adn.
1040 4271 1081 4325 10.
1101 4301 1134 4311 -
