3217 4950
690 521 907 585 ..50-

227 715 258 772 iu
271 713 347 775 Nub.
372 711 462 789 (1079
477 712 554 787 sqq.)
576 708 655 786 λόγος
676 709 767 776 ἄδικος
789 711 904 771 suadet:
928 710 1024 789 μοιχὸς
1036 711 1087 789 γὰρ
1108 710 1142 789 ἢν
1162 711 1248 791 τύχῃς
1269 710 1359 783 ἁλούς,

227 811 286 870 τάδ’
315 809 434 887 ἀντερεῖς
458 808 526 886 πρὸς
552 807 642 880 αὐτόν,
664 808 703 873 ὥς
728 807 806 867 οὐδὲν
827 807 972 886 ἠδίκηκας·
1001 807 1046 867 εἶτ’
1073 808 1110 873 εἰς
1130 809 1177 868 τὸν
1198 803 1241 868 hi
1262 809 1361 868 ἐπανε-

228 910 340 984 νεγκεῖν,
362 905 488 971 κάκεῖνος
508 905 548 970 ὥς
567 905 656 982 ἥττων
678 904 779 984 ἔρωτός
800 905 856 964 ἐστι
877 905 921 966 καὶ
941 907 1086 981 γυναικῶνς
1110 907 1157 967 vel
1171 907 1361 979 Asclepiades

228 1003 334 1080 (Anah.
349 1003 413 1062 Pal.
429 1002 467 1076 V,
484 1003 536 1078 64)
557 1003 642 1062 dicit:
663 1000 737 1062 ἕλκει
757 1001 809 1080 γάρ
824 1001 851 1078 μ’
867 1002 882 1060 ὃ
902 1005 1011 1080 κρατῶν
1031 1001 1078 1062 καλ
1091 1004 1139 1061 σοῦ
1160 1001 1234 1076 θεός,
1250 999 1275 1080 ᾧ
1294 1025 1361 1061 ποτε

228 1099 355 1173 πεισθείς,
379 1099 442 1172 Ζεῦ,
470 1099 513 1160 διὰ
531 1098 669 1178 χαλκείων
689 1100 790 1179 χρυσὸς
811 1102 872 1164 eto<
890 1099 1040 1176 οαλαίμων;
1062 1101 1150 1160 Anth.
1170 1100 1232 1159 Pal.
1254 1098 1299 1171 V,
1314 1100 1361 1158 34.

230 1200 296 1258 100.
322 1197 386 1256 109.
412 1198 468 1256 125
490 1201 560 1267 ete.;
581 1196 680 1270 hymn.
702 1196 777 1256 horn.
799 1197 828 1265 4,
851 1197 889 1255 36
910 1213 987 1269 sqq.;
1008 1198 1047 1256 al.

309 1295 344 1356 In
374 1295 420 1354 his
445 1293 534 1368 igitur
556 1293 749 1354 Callimachus
775 1298 806 1352 et
826 1293 998 1353 Theocritus
1022 1295 1095 1353 nihil
1116 1311 1264 1354 commune
1285 1296 1363 1355 inter

230 1410 262 1453 se
282 1393 399 1452 habent.
422 1423 460 1434 —
482 1391 526 1451 At
546 1392 623 1464 qnod
643 1392 692 1451 hic
718 1391 753 1450 de
774 1391 929 1463 Berenice,
950 1397 1044 1452 matre
1063 1393 1264 1468 Philadelphi,
1291 1393 1363 1453 dicit

231 1490 359 1570 ἀρίζηλος
372 1487 504 1569 Βερενίκα
518 1490 581 1564 (17,
599 1488 660 1564 57),
683 1489 718 1549 de
732 1488 1000 1565 Wilamowitzius¹)
1022 1491 1133 1550 censuit
1153 1492 1229 1550 hunc
1248 1507 1363 1551 versum

230 1607 248 1650 a
271 1587 447 1648 Callimacho
469 1588 500 1646 in
520 1587 687 1647 memoriam
707 1593 875 1646 revocatum
895 1603 967 1659 esse,
989 1604 1054 1647 oum
1074 1587 1110 1647 de
1122 1589 1264 1648 Berenice
1284 1592 1364 1648 certe

230 1687 302 1760 alia,
335 1688 458 1746 fortasse
480 1685 651 1760 Cyrenensi,
683 1701 756 1757 quae
783 1701 888 1758 sponsa
908 1690 973 1744 erat
992 1686 1174 1760 Euergetas,
1207 1686 1362 1745 scriberet:

120 1793 121 1798 ’
231 1783 330 1843 εὐαίων
350 1783 381 1841 ἐν
403 1784 480 1841 πᾶσιν
502 1781 627 1859 ἀρίζαλος
648 1780 781 1861 Βερενίκα
804 1783 908 1859 (epigr.
925 1782 987 1859 51).
1016 1782 1144 1842 Gontedi
1163 1787 1261 1857 potest
1275 1783 1364 1842 Calli·

231 1883 365 1940 maehum
389 1879 553 1944 fortassee
580 1881 782 1940 recordatione
809 1896 909 1939 versus
934 1880 1002 1938 olim
1027 1880 1097 1940 lecti
1117 1881 1194 1940 idem
1215 1881 1363 1954 epitheton

231 1979 373 2054 posuisse3
404 1984 501 2051 potest
533 1977 622 2036 etiam
653 1977 733 2037 casui
764 1978 921 2037 similitudo
952 1977 1060 2036 deberi.
1111 1977 1234 2038 Poetam
1269 1983 1365 2037 autem

220 2085 337 2134 'nomen
368 2073 494 2152 ἀρίζαλος
524 2075 691 2148 repetiisse,
723 2080 757 2133 ut
787 2075 912 2132 alteram
941 2075 1101 2134 Berenicen
1132 2079 1271 2147 aequaret
1301 2093 1365 2134 cum

232 2173 334 2244 altera,
351 2170 404 2248 θεᾷ
418 2169 543 2249 σωτείρᾳ,
557 2176 711 2244 propterea
724 2187 780 2230 non
794 2172 967 2245 putaverim,
987 2171 1063 2244 quod
1076 2189 1168 2246 neque
1182 2172 1212 2230 in
1225 2173 1364 2232 vocabulo

232 2268 356 2348 ἀρίζαλος
386 2269 541 2341 quidquam
572 2269 718 2342 singulare
744 2269 909 2342 agnoscitur
933 2275 964 2326 et
984 2269 1100 2327 dubium
1122 2273 1180 2340 est,
1211 2287 1250 2328 an
1274 2270 1365 2329 verba

233 2367 406 2426 Theocritea
431 2384 447 2425 e
475 2369 612 2425 contextu
638 2369 753 2440 sumpta
779 2371 839 2424 tam
863 2372 934 2424 nota
965 2366 1086 2437 fuerint,
1116 2372 1150 2424 ut
1170 2365 1365 2424 Callimachus

232 2464 276 2523 uti
296 2465 339 2524 eis
360 2467 458 2537 posset
483 2462 638 2522 memoriae
658 2462 837 2522 revocandae
858 2478 954 2522 causa.
997 2461 1055 2522 Sed
1081 2463 1197 2523 etiamsi
1221 2463 1276 2522 hoc
1299 2464 1364 2523 viro

233 2563 319 2622 docto
345 2561 531 2631 concedatur,
563 2565 660 2619 tanmn
690 2561 863 2620 vocabulum
887 2565 1051 2633 propterea⁴
1074 2575 1186 2633 quoque
1211 2561 1365 2634 repetitum

234 2672 311 2731 esse,
343 2663 375 2717 nt
395 2656 549 2717 Theocrito
571 2656 753 2715 blandiretur
773 2658 854 2730 signo
875 2662 1021 2729 tamquam
1048 2657 1264 2729 approbationis
1287 2658 1365 2729 dato,

233 2758 264 2816 id
284 2772 368 2831 nego,
402 2755 471 2826 qnia
490 2755 520 2813 in
541 2754 684 2813 Berenice
711 2770 767 2813 non
788 2754 889 2813 eadem
914 2754 965 2812 sed
985 2754 1043 2812 alia
1069 2754 1242 2813 celebranda
1261 2754 1364 2812 mirum

234 2859 312 2913 esset
332 2852 571 2925 blandimentum,
595 2852 679 2923 quasi
699 2851 874 2910 Theocritus
894 2851 925 2909 in
946 2867 997 2909 suo
1018 2866 1105 2910 versu
1125 2851 1234 2923 aliquid
1255 2852 1369 2924 egregii

234 2956 265 3011 ct
295 2950 418 3011 inauditi
443 2948 631 3008 enuntiasset,
673 2948 752 3020 Quae
774 2963 839 3005 cnm
859 2948 902 3005 ita
925 2947 998 3018 siut,
1030 2946 1068 3005 ad
1094 2948 1130 3005 de
1151 2948 1368 3007 Wilamowitzii

234 3049 406 3109 sententiam
437 3046 652 3121 approbandam
677 3061 758 3128 nee
785 3044 885 3104 dorica
916 3043 1030 3116 quidem
1062 3044 1187 3104 dialecto
1211 3046 1369 3117 qusquam

235 3146 428 3216 concluditur,
461 3159 519 3217 qna
540 3143 732 3202 Callimachus
762 3159 819 3201 non
845 3143 877 3200 in
902 3142 957 3200 hoc
985 3142 1195 3215 epigrammate
1219 3143 1281 3201 solo
1301 3158 1369 3200 nens

234 3249 280 3304 cst
301 3243 350 3319 (ci.
374 3242 465 3317 epigr.
487 3242 536 3301 55.
558 3241 603 3299 59.
628 3239 693 3315 60);
725 3238 824 3298 dorice
850 3239 990 3312 scriptum
1016 3244 1060 3296 est
1086 3237 1175 3297 etiam
1202 3238 1290 3311 epigr.
1313 3241 1365 3296 46:

235 3342 274 3405 ὡς
295 3338 400 3415 ἀγαθὰν
421 3336 595 3416 Helisaeus,
618 3338 694 3410 quod
708 3336 833 3396 fortasse
853 3336 891 3395 ad
904 3335 1093 3396 Theocritum
1113 3337 1369 3409 respicere'supra

236 3438 305 3497 dixi.
329 3472 365 3481 -
387 3437 423 3496 ln
443 3437 561 3509 reliquis
582 3440 677 3494 antem
700 3450 773 3507 qnae
792 3434 931 3504 tractavi,
954 3432 1027 3491 nihil
1053 3433 1270 3493 necessitudinis
1291 3434 1369 3491 inter

236 3540 389 3607 utrumque
409 3539 525 3607 poetam
547 3532 740 3591 demonstrari
760 3535 871 3603 potest,
898 3530 954 3589 uisi
974 3530 1051 3589 forte
1071 3546 1142 3590 vere
1162 3532 1265 3602 statui,
1292 3531 1368 3601 qnod

235 3650 288 3705 pro
318 3648 387 3691 vero
414 3630 554 3691 affirmari
579 3628 687 3701 nequit,
710 3628 917 3687 Callimachum
948 3627 979 3685 in
1003 3628 1099 3685 verbis
1124 3624 1206 3685 ἄλλον
1229 3624 1268 3684 ἐπ’
1292 3624 1367 3704 ἄλλῳ

180 3803 182 3807 .
237 3728 348 3807 βάλλων
369 3727 443 3788 ὠκὺν
465 3726 552 3785 ὀϊστόν
573 3727 615 3801 (2,
641 3727 693 3783 101
718 3726 773 3800 sq.)
795 3724 998 3795 aliquomodo
1025 3725 1057 3783 in
1077 3723 1216 3782 memoria
1237 3724 1364 3781 tenuisse

238 3843 312 3899 quae
323 3825 496 3886 Theocritus
511 3824 546 3882 de
559 3824 642 3882 leone
652 3822 798 3883 Nemeaeo
813 3820 966 3880 interiecto
981 3820 1176 3895 descripserat
1188 3821 1219 3879 in
1234 3835 1257 3878 c.
1270 3819 1367 3889 XXV,

237 3924 274 3982 ad
295 3923 371 3995 quod
392 3938 509 3981 carmen
529 3936 604 3979 nune
624 3919 773 3993 paulisper
792 3917 920 3994 rade0²>.

311 4124 331 4193 ¹)
350 4122 445 4179 Henn.
466 4124 508 4193 14,
528 4114 604 4191 1879,
623 4122 677 4177 200
696 4120 759 4177 adn.
780 4123 804 4175 l.
824 4149 856 4159 -

301 4212 331 4282 a)
350 4208 429 4266 Nihil
446 4226 540 4267 moror
558 4209 747 4267 coniecturam
764 4208 847 4263 nimis
865 4207 1001 4263 incertam
1020 4205 1193 4286 (Baeberhn.
1215 4221 1242 4275 p.
1260 4205 1304 4265 52.
1323 4206 1369 4275 57)

1372 4299 1392 4339 x
