3217 4950
726 533 946 597 ..33-

266 733 385 776 necesse
407 724 452 778 est
473 736 536 778 eum
558 720 667 793 lingere
688 722 876 790 imitatorem,
898 737 955 779 non
975 738 1011 779 ex
1031 723 1094 794 ipso
1115 720 1194 781 fonte
1213 721 1324 793 hausit,
1349 721 1401 778 sed

267 831 303 871 ex
317 814 412 874 rivulo
427 815 494 875 inde
510 817 643 887 deducto,
662 817 835 890 praesertim
849 832 913 874 cum
927 817 1111 888 Theogoniac
1124 817 1240 875 initium
1254 818 1401 890 cognitum

267 912 403 970 habuisse
423 913 578 972 videatur?
618 913 692 970 Nam
713 930 777 972 cum
796 913 936 972 scriberet
957 912 1051 970 αἰδοῖοι
1071 915 1203 989 βασιλῆες,
1225 913 1256 971 in
1276 918 1401 972 mentem

267 1009 328 1066 eins
349 1011 447 1067 venire
468 1016 584 1082 poterat
603 1009 651 1066 hic
671 1008 811 1084 versusb
837 1009 901 1083 (sol.
923 1006 1081 1085 Καλλιόπη)
1106 1009 1156 1087 γὰρ
1183 1008 1229 1068 καὶ
1253 1011 1400 1086 βασιλεῦσιν

161 1185 164 1190 Ι
268 1102 313 1179 ἅμ’
336 1104 469 1163 αἰδοίοισιν
490 1105 590 1181 ὀπηδεῖ
607 1105 690 1181 (80);
723 1121 895 1177 quamquam
915 1121 972 1163 non
994 1105 1058 1163 dieo
1080 1121 1144 1163 eum
1164 1106 1236 1164 haee
1256 1107 1401 1165 imitatum

267 1219 343 1269 esse;
373 1207 460 1274 atquc
481 1203 512 1259 in
533 1202 691 1260 formandis
711 1203 843 1261 versibus
864 1236 902 1246 -
924 1201 1019 1260 αἰδοῖοι
1040 1202 1231 1279 βασιλῆες·Ιό
1252 1201 1274 1260 δ
1296 1203 1400 1281 ἔξοχος,

268 1297 298 1354 ὄν
322 1320 354 1356 κε
375 1297 474 1376 φιλήσῃ
495 1297 648 1373 γεινόμενον
669 1297 703 1356 τὰ
724 1301 830 1376 πρῶτα,
855 1297 940 1362 πολὺς
961 1296 991 1356 δέ
1005 1298 1030 1355 οἱ
1050 1296 1131 1374 ὄλβος
1153 1297 1251 1355 ὀπαδεῖ
1267 1304 1403 1372 poterant

267 1395 365 1452 animo
389 1395 450 1452 cius
471 1402 616 1465 tamquam
638 1396 722 1453 inviti
736 1396 949 1468 repraesentati
970 1412 1032 1453 esse
1053 1395 1083 1452 hi
1104 1412 1217 1454 versus:
1241 1394 1273 1454 ἐκ
1294 1395 1324 1452 δὲ
1338 1395 1401 1460 Διὀς

267 1493 401 1567 βασιλῆες·
419 1495 424 1560 l
443 1491 457 1548 ὁ
479 1489 500 1548 δ’
516 1489 606 1567 ὄλβιος
626 1490 717 1550 ὄντινα
731 1489 839 1550 Μοῦσαι
857 1490 1125 1568 φίλωνται·γλοιιερή
1148 1492 1173 1549 οἱ
1194 1491 1247 1549 ἀπὸ
1268 1491 1403 1567 πόματος

268 1586 321 1664 ῥέει
343 1585 411 1664 αὐδή
433 1588 485 1663 (96
508 1588 578 1662 sq.);
604 1589 736 1647 similiter
755 1590 830 1647 haec
844 1590 879 1648 de
894 1587 986 1666 Μητρὶ
1005 1586 1115 1647 πάντων
1129 1587 1307 1648 conformata
1321 1596 1401 1648 sunt:

267 1687 313 1741 σεῦ
335 1682 357 1740 δ’
379 1685 472 1762 ἔχεται
486 1686 576 1742 δοῦναι
591 1683 647 1761 βίον
661 1683 704 1761 ἠδ’
719 1684 867 1761 ἀφελέσθαι
880 1685 990 1761 θνητοῖς
1004 1684 1192 1762 ἀνθρώποισιν·
1212 1687 1217 1758 Ι
1235 1684 1286 1742 ὁδ’
1302 1684 1400 1761 ὄλβιος,

268 1779 299 1836 ὄν
321 1801 353 1838 ιιε
375 1779 406 1837 oh
428 1779 512 1858 θυμῷ
528 1780 658 1860 πρόφρων
678 1781 859 1858 τιμήσεις·τῷ
878 1779 900 1838 τ’
922 1779 1030 1858 ἄφθονοι
1049 1779 1138 1838 ποίντα
1157 1778 1269 1858 ποίρεστι
1289 1783 1402 1856 (hymn.

268 1877 343 1934 hom.
367 1877 414 1944 30,
438 1880 454 1935 6
477 1895 551 1949 sqq.;
586 1879 623 1937 cf.
646 1879 734 1937 ctiam
755 1881 782 1946 5,
805 1880 864 1936 486
886 1877 952 1952 sq.).
994 1878 1108 1936 Deinde
1128 1878 1204 1948 quod
1227 1881 1293 1950 post
1313 1879 1404 1936 verba

267 1971 310 2030 dd
331 1970 467 2050 Κρονίωνι
488 1971 598 2049 μέλοντι
619 1974 714 2033 αἰδοῖοι
735 1977 861 2051 βασιλῆες
881 1974 975 2032 addit:
999 1973 1014 2031 ὁ
1036 1971 1058 2031 δ’
1080 1972 1176 2052 ἔξοχος
1196 1972 1227 2030 ὄν
1248 1995 1280 2032 κε
1300 1973 1401 2051 φιλήσῃ

268 2069 422 2144 γεινόμενον
443 2070 477 2128 τὰ
491 2074 595 2148 πρῶτα,
617 2073 690 2130 haec
709 2073 918 2132 sententiarum
938 2071 1033 2129 forma
1046 2071 1113 2129 inde
1134 2076 1237 2128 exorte
1250 2077 1302 2143 cst,
1326 2071 1402 2142 quod

268 2167 352 2226 modo
374 2167 474 2225 Iovem
495 2168 665 2240 depinxerat
685 2166 790 2225 infanti
810 2167 978 2225 Ptolemaeo
1003 2167 1126 2239 benigne
1152 2167 1339 2233 adnuentem3
1371 2170 1402 2223 at

268 2263 345 2335 apud
360 2262 565 2321 Callimachum
586 2265 676 2321 verba
696 2263 810 2340 περιπρὸ
830 2262 881 2340 γὰρ
902 2261 965 2340 εόρὺ
987 2260 1044 2339 βέβ.
1065 2266 1123 2322 ιιτλ.
1146 2280 1205 2320 non
1224 2265 1321 2336 posita
1334 2269 1402 2320 sunt

269 2358 304 2416 de
325 2376 392 2431 rege
414 2360 497 2416 modo
518 2366 595 2425 nato,
618 2359 669 2416 scd
690 2360 882 2432 oppositionis
904 2375 1006 2429 causa,
1039 2360 1150 2418 scilicet
1170 2364 1216 2424 ut,
1249 2365 1401 2432 postquam

269 2455 304 2515 de
326 2456 456 2515 omnibus
476 2457 594 2529 regibus
615 2457 703 2514 dixit:
726 2455 754 2513 ἐν
776 2455 806 2514 δὲ
829 2455 974 2533 βοηφενίην
995 2453 1092 2533 ἔβαλές
1112 2478 1210 2533 σφισιν,
1244 2455 1273 2513 ἐν
1300 2454 1322 2514 δ’
1344 2455 1402 2519 ἅλις

269 2550 350 2629 ὄλβον
370 2556 434 2611 πᾶσι
455 2550 519 2628 μέν,
552 2553 759 2627 Philadelphus
785 2570 801 2611 e
827 2558 990 2611 ceterorum
1016 2568 1118 2624 regum
1149 2569 1267 2610 numero
1294 2554 1403 2610 exime·
1443 2606 1446 2610 .

268 2654 363 2718 retur3
396 2650 472 2721 apud
498 2650 687 2708 Theocritum
707 2657 804 2707 autem
830 2665 904 2720 quae
929 2650 974 2707 his
1005 2650 1112 2707 similia
1137 2650 1285 2719 videntur,
1316 2648 1402 2711 πολὺς

269 2745 299 2821 δέ
320 2746 345 2803 οἱ
365 2744 446 2822 ὄλβος
466 2745 570 2815 ὀπαδεῖ,
591 2747 694 2808 πολλᾶς
715 2744 745 2801 δὲ
764 2741 875 2821 κρατέει
894 2744 979 2818 γαίας,
1001 2747 1104 2808 πολλᾶς
1125 2745 1155 2802 δὲ
1175 2744 1323 2815 θαλάσσας,
1345 2762 1402 2804 nen

269 2841 304 2899 de
325 2844 456 2901 omnibus
475 2843 590 2915 regibus
611 2843 661 2900 sed
682 2843 718 2901 de
739 2858 795 2899 imo
820 2842 1022 2914 proferuntur,
1054 2858 1156 2914 nempe
1178 2842 1214 2899 de
1235 2858 1283 2909 eo,
1315 2859 1402 2913 quem

269 2940 367 2997 statim
389 2940 425 2998 ab
445 2942 530 2999 initio
544 2941 680 3013 Iuppiter
694 2940 852 2998 adamavit.
895 2938 943 2996 Sic
964 2938 1080 2996 diversa
1093 2942 1168 3008 sunt,
1190 2954 1264 3008 quae
1277 2938 1402 2997 fortasse

268 3037 361 3107 primo
384 3036 485 3094 obtutu
499 3036 588 3095 alicui
603 3036 704 3094 eadem
726 3036 860 3093 videntur
875 3049 951 3102 esse3
977 3035 1029 3093 sed
1043 3036 1160 3093 etiamsi
1174 3035 1229 3093 hae
1250 3035 1285 3092 de
1300 3034 1403 3106 opibus

269 3148 370 3203 regum
383 3133 615 3205 praedicationes
629 3133 737 3191 similes
750 3133 817 3201 sint,
838 3131 945 3189 iniuste
958 3135 1057 3189 tamen
1070 3132 1196 3189 imitatio
1212 3136 1402 3201 statueretur,

271 3229 403 3299 quoniam
425 3230 541 3287 anullo
562 3229 696 3300 prudenti
721 3231 847 3299 negatur
867 3227 898 3284 in
918 3227 1060 3285 similibus
1083 3228 1263 3299 argumentis
1289 3228 1397 3286 similia

270 3324 408 3383 facillime
428 3326 552 3383 narrari.

349 3422 413 3480 Iam
433 3422 500 3481 inde
526 3439 544 3480 a
568 3438 609 3481 vs.
633 3423 668 3479 77
691 3420 863 3479 Theocritus
895 3420 1012 3478 summis
1035 3419 1170 3477 laudibus
1194 3419 1280 3477 effert
1305 3424 1403 3478 vastos

271 3518 458 3591 Philadelphi
472 3519 554 3587 regni
573 3518 644 3576 fines
664 3532 818 3588 eorumque
839 3517 967 3589 singulas
987 3521 1085 3589 partes
1099 3521 1234 3574 accurate
1254 3522 1404 3575 enumerat

271 3622 302 3673 et
322 3616 455 3687 adiungit
469 3614 681 3673 multitudinem
694 3615 826 3685 militum,
849 3615 899 3684 qui
919 3610 1080 3688 σεσαγμένοι
1093 3611 1292 3689 ἀμφαγέροντοι
1304 3628 1402 3685 regem

270 3711 344 3787 (94).
386 3713 459 3770 Tum
480 3713 610 3771 celebrat
625 3712 818 3769 Ptolemaeum
834 3727 931 3769 omnes
944 3726 1027 3782 reges
1041 3708 1115 3787 ὄλβῳ
1129 3708 1342 3787 νοιςοιβρίδοντοιε
1366 3725 1401 3766 ex

270 3810 316 3866 his
341 3808 432 3881 largis
458 3810 560 3882 opibus
585 3808 698 3866 incolae
730 3824 843 3878 quoque
868 3807 899 3864 id
930 3807 1070 3865 commodi
1101 3807 1232 3878 capiunt,
1263 3805 1339 3876 quod
1364 3808 1403 3863 ab

269 3906 394 3963 hostium
415 3906 526 3977 impetu
546 3905 605 3962 tuti
625 3920 697 3976 pace
724 3904 875 3973 fruentum
902 3906 964 3977 ipse
984 3908 1081 3962 autem
1101 3920 1154 3961 rex
1173 3919 1232 3961 non
1252 3919 1340 3961 avare
1360 3903 1403 3960 di·

269 4002 357 4060 vitias
372 4002 504 4073 congerit
517 4000 702 4059 formicarum
716 4000 839 4072 ratione,
862 4000 913 4058 sed
926 4000 1019 4058 multa
1033 4000 1122 4058 donat
1135 3999 1204 4070 deis,
1230 3999 1401 4070 hominibus,

272 4098 396 4157 maxime
417 4098 511 4171 poetis
525 4098 794 4169 cantatoribusque3
819 4098 887 4169 quin
908 4098 995 4155 etiam
1014 4097 1183 4170 parentibus
1202 4096 1313 4169 templa
1325 4096 1403 4155 aedi·

271 4193 371 4253 ficavit
391 4198 478 4264 atque
499 4195 621 4253 honores
652 4194 755 4251 tribuit
781 4194 894 4253 divinos
914 4210 972 4253 nna
998 4211 1063 4252 cum
1082 4191 1209 4252 Arsinoe
1233 4208 1324 4251 uxore
1350 4210 1404 4251 sua

1245 4288 1262 4341 3
