3217 4950
767 534 981 597 ..18-

303 723 419 781 mihlinr
440 722 482 797 (p.
505 721 571 797 IV),
594 739 658 780 cnm
678 721 883 781 Wiedemauui
903 725 1064 782 rationibus
1084 740 1153 782 usus
1174 725 1338 797 Euergeten
1358 729 1444 796 putet
1545 712 1546 737 ³

304 819 473 893 adoptatum
503 835 565 877 esse
586 835 612 877 a.
636 819 690 877 271
715 821 762 878 vel
788 821 856 887 ato,
888 821 1056 892 priusquam
1087 837 1180 878 sermo
1212 824 1290 879 esset
1319 821 1356 878 de
1386 821 1444 878 hac
1546 806 1547 837 ³

303 917 468 988 adoptione,
490 917 510 973 i.
532 931 558 973 e.
579 916 657 974 iuter
677 931 703 974 a.
726 916 785 974 272
806 920 837 974 66
858 916 917 973 276
943 917 985 989 (p.
1005 915 1129 991 XVIII)
1155 933 1273 974 carmen
1293 917 1443 975 conditum
1547 908 1548 921 ¹

303 1029 365 1072 esse
385 1012 477 1085 pouit.
510 1012 569 1072 Sed
583 1018 706 1084 utraque
721 1029 818 1082 causa,
840 1029 897 1084 qua
910 1014 1024 1083 nititur,
1045 1014 1167 1072 multum
1180 1015 1272 1084 abest,
1296 1021 1330 1072 ut
1342 1015 1443 1073 valeat
1548 1012 1549 1025 ¹

302 1108 339 1166 ad
366 1111 539 1168 seutentiam
569 1111 650 1168 illam
681 1108 867 1183 probandam.
908 1109 1040 1167 Primum
1065 1110 1141 1167 enirn
1169 1110 1237 1181 quid
1263 1111 1299 1169 de
1323 1111 1441 1170 Wiede-

302 1206 400 1264 mauni
429 1208 652 1266 ratiocinatione
680 1225 695 1265 e
728 1205 835 1265 Suidae
861 1206 1028 1265 testimonio
1060 1207 1147 1266 ducta
1176 1207 1361 1265 iudicandum
1391 1208 1440 1276 sit,
1550 1240 1551 1243 =

302 1318 390 1375 supra
422 1303 527 1362 docere
553 1309 673 1362 conatus
699 1319 771 1362 sum.
813 1302 926 1361 Deinde
951 1302 1001 1374 qui
1021 1302 1138 1361 taudem
1163 1304 1319 1363 verisimile
1345 1305 1440 1363 estin

302 1401 356 1458 hoc
378 1401 504 1458 encomio
527 1401 713 1459 Theocritum
743 1416 845 1458 ausum
866 1416 929 1458 esse
954 1415 1054 1471 regem
1074 1416 1190 1458 monere
1210 1400 1316 1474 prioris
1336 1401 1440 1459 matri-

302 1497 391 1554 monii
411 1496 529 1568 ingrati,
551 1513 567 1554 6
590 1513 645 1568 quo
666 1501 728 1555 tum
747 1496 833 1554 liberi
846 1495 1036 1568 supererant?
1077 1497 1173 1568 Quare
1193 1498 1262 1557 licet
1281 1499 1370 1556 aliam
1389 1514 1439 1557 vo·

305 1591 395 1650 luerit
415 1592 583 1665 perstringi,
605 1593 686 1650 volut
698 1594 851 1664 Apamam,
871 1591 975 1664 Magea
988 1592 1114 1665 viduam,
1136 1593 1303 1666 Droyseuus
1324 1594 1364 1666 (p.
1380 1595 1439 1653 ato

302 1688 367 1745 adn.
388 1686 421 1762 2)
442 1693 472 1746 66
485 1688 616 1746 Hillerua
636 1687 821 1764 (arisati),
843 1687 1017 1761 Eurydicen,
1039 1688 1151 1747 Soteris
1165 1706 1285 1748 uxorem
1303 1690 1439 1764 priorem,

302 1783 473 1858 Hempelius
494 1785 535 1860 (p.
558 1787 595 1844 95
618 1785 692 1856 sqq.)
720 1788 749 1842 et
769 1783 919 1857 Koeppius
940 1782 984 1856 (p.
1006 1785 1079 1859 209)
1099 1785 1315 1857 intelloxeruut,
1337 1802 1440 1856 quam-

302 1897 389 1952 quam
415 1880 547 1953 equidem
570 1881 680 1953 dubito,
713 1898 749 1940 au
775 1897 898 1939 revera
929 1880 1086 1952 quidquam
1116 1882 1234 1941 ludibrii
1254 1883 1325 1940 insit
1343 1885 1373 1941 in
1394 1885 1439 1942 his

301 1978 446 2046 versibus,
479 1984 558 2036 certe
580 1978 704 2035 omniurn
725 1975 920 2035 inficetissime
947 1976 983 2034 de
1003 1977 1129 2036 Arsinoe
1156 1979 1277 2052 eogitari
1298 1981 1437 2051 iussisset,

301 2078 335 2132 ut
355 2075 495 2144 omittam,
517 2090 603 2145 quarn
624 2073 736 2132 incerta
756 2089 791 2132 ea
811 2075 878 2146 sint,
900 2090 974 2146 quae
994 2090 1047 2132 nos
1067 2075 1142 2133 scire
1163 2092 1220 2133 non
1239 2093 1398 2148 possumus.

382 2172 492 2230 Tamen
524 2171 578 2228 etsi
608 2171 885 2243 argumentationem
921 2171 1014 2244 ipsam
1044 2186 1102 2228 non
1133 2170 1238 2243 probo,
1269 2171 1440 2230 Buecheleri

301 2269 464 2340 opinionem
486 2285 504 2326 6
524 2283 591 2326 vero
612 2283 670 2325 666
690 2283 808 2339 prorsus
828 2268 978 2326 aberrasse
1000 2267 1172 2339 putaverim.
1215 2265 1287 2324 Gum
1313 2268 1388 2326 enim
1409 2268 1440 2325 iu

300 2363 537 2436 inscriptionibus
562 2364 687 2436 publicis
706 2379 733 2421 a.
761 2364 820 2422 266
848 2369 879 2421 66
909 2364 968 2422 264
1000 2363 1086 2421 iactis
1116 2363 1284 2436 Euergeten
1313 2364 1439 2423 dilucide

299 2461 383 2533 regui
408 2462 518 2519 socium
544 2461 687 2520 nominari
707 2459 934 2519 Wiedemauuus
960 2459 1064 2519 doceat
1095 2459 1137 2535 (p.
1161 2460 1218 2519 386
1240 2460 1315 2535 sqq.)
1347 2478 1438 2533 neque

301 2558 362 2616 eins
388 2558 418 2614 in
444 2574 468 2615 6.
495 2558 580 2616 XVII
607 2557 668 2615 ulla
694 2557 803 2615 mentio
835 2555 905 2627 fiat,
936 2557 1094 2616 verisimile
1125 2562 1171 2614 est
1195 2572 1230 2615 eo
1255 2561 1386 2630 tempore
1409 2558 1439 2616 id

300 2654 440 2727 scriptum
471 2670 548 2718 esse,
581 2669 635 2725 quo
656 2653 816 2725 Euergetes
842 2653 879 2711 ad
910 2652 1091 2725 regnandum
1116 2656 1168 2709 aut
1192 2653 1280 2725 paulo
1300 2659 1368 2712 ante
1388 2659 1439 2713 ant

301 2752 415 2809 omuino
430 2766 487 2808 non
502 2752 608 2809 ascitus
629 2756 702 2808 erat.
744 2750 876 2820 Namque
891 2749 1062 2809 Theocritus
1083 2765 1147 2806 cum
1169 2749 1267 2807 omnia
1288 2755 1436 2823 congerat,

304 2846 408 2917 quibus
429 2846 613 2919 Philadelphi
633 2845 733 2905 laudes
754 2846 902 2904 cumulare
928 2846 983 2904 sibi
1009 2846 1133 2912 videtur,
1160 2860 1280 2918 cumque
1301 2851 1331 2904 et
1350 2862 1439 2918 genus

299 2943 377 3015 regis
398 2946 538 3000 memoret
563 2947 594 3000 et
614 2943 843 3011 matrimonium,
868 2943 894 3000 si
913 2943 1073 3013 Euergetes
1093 2945 1194 3014 partes
1215 2943 1353 3014 regnandi
1379 2945 1438 3001 iam

299 3039 456 3108 habuisset,
478 3037 601 3097 fortasse
622 3039 652 3097 id
667 3055 724 3097 non
738 3040 889 3111 omisisset,
912 3038 963 3096 sed
976 3039 1175 3110 praedicasset
1194 3039 1242 3097 vel
1262 3039 1316 3097 tuli
1336 3040 1435 3098 modo:

299 3135 523 3207 Philadelphum
544 3137 652 3208 optime
674 3138 770 3194 onmia
791 3136 1005 3207 administrare,
1026 3137 1095 3207 quin
1116 3136 1204 3193 etiarn
1225 3136 1312 3208 stirpi
1332 3154 1437 3210 propa·

299 3232 408 3304 gandae
430 3237 518 3302 atque
544 3233 696 3305 aptissimo
717 3234 876 3292 successori
901 3232 1098 3305 prospexisse,
1120 3248 1155 3291 ne
1170 3232 1296 3304 -quaudo
1317 3249 1436 3305 reguum

299 3329 400 3385 orbum
421 3332 497 3386 esset
517 3334 602 3401 patre
623 3334 652 3387 66
673 3333 778 3388 tutore.

378 3424 487 3496 Quibus
508 3425 544 3483 de
575 3425 669 3484 causis
700 3441 765 3484 cnm
796 3430 892 3483 statuo
924 3439 1042 3483 carmen
1062 3423 1147 3484 XVII
1167 3441 1225 3482 666
1250 3427 1437 3503 compositum

299 3537 362 3579 esse
393 3522 483 3580 multo
516 3522 628 3581 demum
658 3529 725 3595 post
745 3538 770 3580 a.
794 3523 867 3592 266,
898 3521 950 3580 sed
970 3521 1067 3594 potins
1086 3522 1214 3580 intera.
1237 3522 1295 3581 276
1317 3528 1347 3581 66
1368 3524 1436 3590 266,

298 3618 399 3676 videor
419 3618 490 3675 mihi
510 3618 540 3676 id
561 3623 697 3690 statuere,
721 3618 797 3691 quod
817 3619 843 3677 si
863 3634 919 3675 non
940 3623 1051 3675 certum
1072 3623 1104 3676 at
1124 3618 1280 3677 uerisimile
1301 3618 1350 3677 sit.
1382 3617 1437 3677 Oui

298 3715 457 3773 sententiae
489 3714 565 3786 quod
595 3719 740 3787 repugnat
770 3715 841 3772 nihil
863 3715 965 3772 autin
985 3715 1048 3786 ipso
1074 3716 1201 3772 carmine
1231 3714 1308 3773 inest
1334 3716 1437 3773 autin

298 3812 435 3869 memoria
466 3826 564 3869 rerum
596 3812 655 3869 illis
686 3812 863 3885 temporibus
894 3817 1053 3883 gestarum.
1094 3811 1136 3868 Et
1161 3827 1225 3869 cnm
1250 3814 1313 3871 vita
1332 3820 1437 3886 poetae

298 3908 394 3966 omnia
416 3908 590 3965 conveniunt
609 3908 729 3980 optime.
768 3908 871 3979 Neque
897 3907 973 3964 enim
999 3907 1148 3979 probabile
1176 3915 1221 3965 cst
1240 3909 1435 3981 Theocritum,

297 4007 450 4076 postquam
472 4020 515 4063 oa.
543 4022 569 4062 a.
598 4006 657 4062 276
683 4003 835 4077 Syracusis
865 4004 977 4061 relictis
1001 4002 1211 4062 Alexandriam
1241 4023 1272 4064 se
1304 4009 1434 4080 contulit,

298 4118 354 4171 qua
376 4106 439 4159 erat
469 4102 527 4159 iam
547 4107 607 4159 tum
629 4106 726 4160 aetate
748 4106 778 4159 et
799 4086 896 4173 lama,
924 4100 1031 4157 multos
1055 4116 1145 4158 annos
1171 4103 1378 4174 consumpsisse
1398 4104 1436 4162 ad

297 4196 462 4255 Ptolemaei
482 4198 609 4269 gratiam
631 4202 661 4255 et
682 4197 837 4255 amicitiam
859 4196 1062 4269 quaerendam.
1094 4197 1225 4268 Denique
1245 4203 1325 4257 recte
1339 4199 1435 4271 aliquo
