3217 4950
660 525 926 614 ’-11-

251 741 389 813 partitive
421 745 489 814 epte
515 741 611 813 posita
630 745 705 799 suut.
747 739 835 800 Certe
861 741 897 799 de
923 747 1008 813 patre
1033 747 1064 799 et
1083 748 1177 800 matre
1197 741 1384 816 Philadelphi

251 842 310 894 tum
343 837 455 894 demum
480 837 581 894 licebit
605 837 759 895 verborum
791 836 824 896 ἐκ
844 836 970 913 πατέρων
997 838 1121 896 formam
1140 841 1311 912 partitivam
1337 840 1386 898 de·

251 933 381 1002 fondere,
415 949 479 990 curn
501 933 661 1006 exemplum
687 934 773 992 huius
800 934 916 992 dicendi
941 935 1065 992 rationis
1085 934 1208 995 Graecis
1228 937 1384 996 inusitatae

250 1031 396 1103 geminum
417 1033 447 1088 et
467 1033 601 1090 idoneum
621 1031 856 1103 investigabitur.
898 1031 994 1102 Quare
1013 1031 1164 1092 Vahleuus
1185 1033 1226 1108 (p.
1252 1035 1287 1091 16
1309 1032 1385 1108 sqq.)

251 1132 379 1200 postve.
404 1131 440 1186 10
462 1144 577 1187 versum
600 1128 741 1186 excidisse
762 1129 925 1202 suspicatus
945 1133 990 1186 est
1010 1131 1113 1196 talem,
1140 1131 1233 1201 qualis
1258 1131 1306 1188 hic
1327 1137 1384 1188 est:

251 1227 322 1288 τοῖος
347 1223 488 1282 παπταίνω
513 1223 589 1299 κάγὼ
610 1223 696 1283 πόθεν
718 1222 833 1302 ἄρξομαι
853 1224 953 1302 ὕμνου,
980 1231 1066 1298 etque
1087 1228 1177 1285 verba
1202 1226 1235 1286 ἐκ
1259 1227 1384 1304 πατέρων

252 1328 319 1395 post
341 1322 484 1395 duplicem
503 1322 763 1393 interrogationem
784 1321 883 1397 (πόθεν
904 1321 1020 1400 ἄρξομαι
1040 1306 1136 1398 ipseo,
1157 1322 1184 1381 τί
1202 1326 1311 1401 πρῶτον
1332 1346 1386 1383 κα-

251 1417 370 1491 ταλέξω)
396 1420 527 1491 responsi
547 1419 611 1477 loco
633 1419 695 1477 sola
715 1435 768 1492 per
789 1436 820 1478 se
841 1421 939 1493 1111111
958 1420 1112 1478 intellexit.
1137 1453 1174 1462 -
1196 1419 1251 1479 Oui
1272 1421 1386 1479 coniec-

251 1519 334 1574 turae
368 1516 444 1586 quod
464 1515 501 1574 R.
525 1514 686 1590 Steigius¹)
717 1518 838 1588 opponit
862 1534 947 1575 versu
967 1518 1019 1575 illo
1044 1518 1217 1590 interposito
1239 1519 1384 1576 concinni·

251 1616 341 1670 tatem
373 1611 504 1688 binorum
535 1628 665 1671 versuum
693 1613 863 1685 disturbari,
896 1631 952 1672 non
984 1615 1063 1673 11111
1086 1615 1159 1673 haec
1185 1631 1274 1674 causa
1297 1616 1328 1672 in
1349 1631 1383 1674 eo

252 1709 387 1781 carmine,
410 1710 440 1766 in
463 1724 519 1780 quo
539 1725 624 1782 pares
638 1725 772 1766 versuum
793 1711 928 1782 strophas
948 1711 1136 1769 aTheoerito
1150 1712 1300 1770 institutas
1321 1729 1383 1771 esse

252 1805 444 1864 demonstrari
464 1811 597 1876 nequeat.
627 1807 667 1863 At
694 1812 775 1864 recte
795 1807 871 1864 idem
892 1807 938 1864 vir
951 1807 1052 1865 doctus
1073 1808 1278 1866 animadvertit
1297 1811 1386 1867 verba

253 1901 284 1961 ἐκ
305 1901 430 1980 πατέρων
451 1917 508 1960 non
521 1918 605 1975 posse
626 1919 679 1975 pro
693 1919 830 1975 responso
852 1904 946 1977 accipi
960 1909 1025 1976 post
1039 1921 1074 1962 ea
1094 1920 1169 1975 quae
1188 1904 1383 1975 intercedunt;

252 2014 318 2057 nem
349 1999 379 2056 in
405 2000 535 2057 oratione
564 2000 606 2058 sie
625 1997 765 2058 formate:
797 2003 870 2064 τοῖος
895 1999 1036 2058 παπταίνω
1063 1999 1139 2074 κάγὼ
1164 1999 1249 2058 πόθεν
1271 1998 1386 2078 ἄρξομαι

252 2093 348 2170 ὕμνου,
380 2094 407 2152 τί
433 2099 543 2174 πρῶτον
575 2095 724 2162 καταλέξω·
754 2096 813 2155 ἐπεὶ
843 2095 918 2173 πάρα
949 2095 1032 2172 μυρία
1063 2096 1145 2154 εἰπεῖν
1176 2095 1225 2154 οἷσι
1255 2096 1316 2154 θεοὶ
1340 2095 1386 2154 τὸν

253 2189 358 2270 ἄριστον
386 2192 514 2270 ἐτίμησαν
540 2193 683 2270 βασιλήων·
705 2193 738 2252 ἐκ
758 2193 892 2271 πατέρων.
921 2193 978 2258 οἷος
1004 2195 1054 2270 μὲν
1081 2196 1129 2270 ἔην
1152 2240 1157 2252 .
1181 2237 1187 2252 .
1211 2240 1217 2253 ,
1239 2193 1328 2252 verba
1354 2191 1387 2251 ἐκ

252 2289 377 2366 πατέρων
398 2291 573 2362 respondent
587 2291 655 2349 eolis
668 2290 765 2350 verbis
779 2290 864 2349 πόθεν
886 2289 1001 2368 ἄρξομαι
1014 2289 1110 2366 ὕμνου,
1132 2307 1197 2360 non,
1218 2296 1253 2347 ut
1269 2307 1387 2363 exspec-

252 2391 345 2454 tatur,
372 2387 468 2445 verbis
488 2387 607 2461 propius
628 2387 877 2446 antecedentibus:
899 2386 927 2445 τί
944 2390 1054 2465 πρῶτον
1076 2386 1227 2452 καταλέξω.
1263 2387 1385 2446 Omnino

254 2484 383 2542 dubitari
402 2484 484 2553 lieet,
517 2502 555 2543 an
575 2489 674 2557 poeta,
701 2501 764 2543 eum
786 2485 907 2543 adderet
927 2484 986 2543 ἐπεὶ
1011 2484 1085 2561 πάρα
1106 2483 1188 2562 μυρία
1214 2485 1386 2554 stetebach,

254 2582 508 2653 interrogationem
539 2599 597 2641 non
628 2582 784 2652 rhetorice,
817 2587 851 2639 ut
872 2582 916 2639 ita
946 2582 1052 2654 dicem,
1084 2583 1216 2654 intellegi
1251 2581 1386 2639 voluerit.

253 2678 356 2749 Itaque
383 2694 448 2736 cum
473 2679 503 2736 in
524 2680 579 2738 hac
605 2666 804 2739 emendatione
831 2679 951 2737 durities
976 2680 1029 2737 illa
1048 2678 1163 2749 quidem
1184 2679 1261 2735 inter
1280 2694 1322 2737 vs.
1348 2669 1413 2735 10'

253 2780 283 2832 et
306 2778 339 2832 11
364 2776 497 2847 tollatur,
520 2781 564 2846 at,
586 2776 617 2833 ni
637 2775 737 2843 fallor,
763 2792 839 2833 nova
859 2775 1008 2833 exoriatur
1029 2775 1059 2832 in
1080 2775 1174 2832 verbis
1196 2774 1228 2833 ἐκ
1248 2773 1383 2851 πατέρων,

254 2887 373 2942 cumque
394 2872 456 2943 ipse
469 2871 619 2931 Vahlenns
635 2872 832 2930 coniecturam
852 2872 1039 2945 temptaverit
1053 2887 1111 2929 non
1124 2877 1288 2944 propterea,
1310 2872 1384 2944 quod

257 2968 379 3041 ,11111111
413 2986 468 3041 quo
489 2971 582 3027 utitur
608 2970 673 3045 (sol.
695 2970 796 3045 poeta)
828 2985 957 3027 seorsum
988 2970 1113 3043 positum
1138 2970 1218 3027 nulla
1242 2969 1387 3040 particula

255 3066 536 3139 comparativorum
562 3083 673 3125 summa
698 3066 842 3125 sententia
868 3066 1070 3137 coniungitur
1095 3064 1212 3140 (1110)
1238 3082 1330 3136 neque
1350 3067 1387 3124 ob

254 3163 284 3221 id
305 3164 408 3235 solum,
445 3162 520 3235 quod
544 3163 656 3235 aliquid
681 3165 796 3221 duritiei
822 3164 1041 3236 persentiscitur
1066 3164 1144 3220 inter
1163 3179 1205 3220 vs.
1230 3163 1386 3226 111111.

255 3258 306 3317 sed
326 3259 401 3331 quod
422 3260 510 3317 verba
541 3259 574 3319 ἐκ
593 3258 719 3337 πατέρων
749 3265 831 3319 recta
851 3258 1094 3332 interpretatione
1118 3274 1218 3317 carere
1243 3259 1387 3330 videntur,

254 3370 339 3411 versu
370 3355 422 3412 illo
444 3356 616 3428 interposito
643 3354 767 3415 fortasse
788 3372 845 3413 non
870 3372 942 3429 opus
962 3357 1032 3426 erit,
1065 3357 1090 3413 si
1110 3356 1170 3413 alia
1195 3356 1387 3429 explicatione

256 3468 369 3509 11111111
390 3452 471 3510 illam
494 3452 667 3525 effugiemus.
698 3452 739 3510 Et
759 3452 874 3511 videtur
904 3454 976 3511 mihi
1002 3453 1117 3525 quidem
1147 3453 1387 3525 simplicissimum

256 3564 318 3606 esse
340 3553 371 3606 et
390 3548 579 3616 verissimum,
602 3550 678 3621 quod
698 3547 738 3609 A.
759 3549 976 3620 Kirchhoffius,
997 3550 1044 3607 vir
1063 3550 1336 3622 praestantissimus,
1358 3550 1389 3607 iu

256 3645 408 3703 seminario
430 3662 476 3703 me
497 3645 603 3704 docuit.
634 3646 663 3704 Is
684 3646 760 3703 enim
781 3644 814 3704 ἐκ
834 3644 960 3723 πατέρων
986 3645 1121 3703 adiunxit
1140 3644 1386 3716 antecedentibus,

255 3746 288 3799 ut
308 3742 398 3799 verba
423 3739 474 3801 οἷσι
498 3741 559 3800 θεοὶ
583 3741 629 3799 τὸν
650 3740 756 3819 ἄριστον
783 3740 914 3818 ἐτίμησαν
935 3740 1070 3819 βασιλήων
1096 3741 1129 3800 ἐκ
1149 3740 1273 3819 πατέρων
1299 3742 1389 3815 signi·

256 3836 355 3896 licent:
381 3838 501 3909 ,quibus
523 3838 570 3897 dei
591 3839 731 3912 optimum
745 3854 845 3911 regum
866 3839 933 3897 inde
954 3840 991 3896 ab
1012 3842 1109 3896 aetate
1130 3843 1282 3910 parentum
1302 3839 1389 3898 hono·

256 3933 411 3991 raverint.“
423 3929 446 4008 ²)
468 3966 505 3975 —
527 3934 619 4005 Quam
633 3934 903 4007 interpretationem
917 3935 943 3992 11
963 3936 1118 4007 sequimur,
1140 3950 1198 3993 non
1217 3952 1273 3993 ves.
1291 3938 1388 3994 1-12

328 4092 348 4159 ¹)
368 4090 563 4147 Wochenschr.
583 4089 601 4147 i.
621 4090 706 4147 klass.
726 4090 827 4147 Philol.
845 4091 881 4161 11,
902 4093 1041 4161 1111111.
1061 4094 1104 4151 23.
1124 4123 1157 4131 -

328 4180 349 4247 ²)
369 4178 472 4233 Postea
495 4178 612 4234 eandem
634 4180 895 4249 interpretationem
923 4179 979 4249 legi
1001 4180 1076 4250 apud
1099 4178 1254 4236 Grevernm
1275 4198 1304 4251 p.
1324 4182 1387 4249 1263

258 4268 446 4337 posteriorum
456 4269 641 4337 interpretum
655 4284 690 4323 ne
700 4266 872 4323 Fritzschius
885 4268 997 4338 quidem
1010 4269 1070 4324 eius
1082 4269 1254 4323 mentionem
1272 4268 1346 4326 fecit
1356 4300 1389 4310 -—
