3217 4950
695 513 915 578 ..33-

233 701 323 779 λίμνη,
345 701 471 781 χρύσειον
491 700 513 760 δ’
534 701 654 780 ἐκόμησε
675 700 814 778 γενέθλιον
834 705 910 780 ἔρνος
929 703 1028 780 ἐλαίης,
1053 705 1149 782 χρυσῷ
1169 701 1191 760 δ’
1206 703 1369 782 ἑπλήρμορε

233 798 323 875 βαθὺς
340 797 455 862 'lvonis
468 797 587 876 ἑλιχθείς
601 799 674 874 (260
689 807 763 872 sqq.;
785 800 871 873 paulo
887 800 973 858 aliter
986 801 1115 873 Theogn.
1138 802 1155 858 8
1169 801 1255 876 sqq).
1287 801 1369 859 Idem

233 895 307 954 dicit
329 896 364 954 de
385 895 524 968 Apolline
545 901 628 954 nato:
662 895 676 953 ὁ
699 897 721 954 δ’
745 894 859 974 ἔκθορεν
881 895 981 972 (255),
1014 896 1145 955 velutin
1165 897 1271 970 hymno
1292 898 1369 959 hom.

232 991 353 1065 legimus
379 993 411 1050 ἔκ
439 991 461 1049 δ’
487 991 568 1070 ἔθορε
595 993 647 1070 πρὸ
673 991 781 1070 φόωσδε
813 993 898 1068 (119;
932 993 970 1053 ef.
992 996 1025 1061 3,
1052 992 1113 1066 20).
1159 993 1274 1051 Ibidem
1305 1011 1370 1052 cum

232 1089 352 1147 additur
372 1088 436 1147 θεαὶ
457 1087 479 1146 δ’
502 1088 632 1155 ὀλόλυξαν
655 1089 768 1162 ἅπασαι,
794 1090 866 1147 haec
886 1090 976 1146 verba
996 1089 1121 1147 fortasse
1142 1091 1272 1161 quamvis
1292 1095 1369 1148 tecte

231 1187 322 1243 menti
349 1185 499 1245 Theocriti
532 1187 774 1256 obversabantur,
808 1202 872 1243 cum
897 1190 964 1258 post
989 1184 1004 1242 ό
1031 1185 1061 1242 δὲ
1080 1184 1160 1262 πατρὶ
1186 1184 1283 1249 ἐοικὼς
1307 1189 1370 1249 παῖς

232 1281 371 1358 ἀγαπητὸς
392 1284 483 1356 ἔγεντο
497 1287 631 1355 pergeret
644 1279 728 1345 Κόως
750 1279 771 1338 δ’
787 1280 915 1346 όλόλοξεν
937 1281 1022 1339 ἰδοῖσα
1043 1282 1163 1357 (631114
1186 1282 1222 1342 ef.
1237 1299 1312 1354 quae
1333 1284 1369 1341 de

231 1397 275 1439 VS.
291 1382 329 1437 74
342 1379 436 1438 αἰδοῖοι
450 1382 583 1456 βασιλῆες,
599 1378 614 1436 δ
629 1381 652 1436 δ’
669 1377 764 1456 ἔξοχος
778 1381 937 1450 κτλ.811111’11Ι
950 1396 978 1452 p.
995 1380 1031 1436 33
1048 1380 1180 1451 exposui;
1195 1397 1260 1438 eum
1273 1381 1368 1438 verbis

232 1477 381 1535 Theocriti
407 1475 498 1534 Δᾶλον
525 1475 651 1551 ἐτίμασεν
677 1478 735 1533 κτλ,
766 1475 830 1550 [67]
864 1474 899 1533 cf.
926 1476 1016 1534 etiam
1041 1478 1138 1549 hymn.
1165 1477 1240 1533 hom.
1265 1480 1292 1546 1,
1314 1477 1365 1534 88:

231 1572 297 1630 τίσει
319 1572 348 1631 δέ
370 1572 400 1630 σέ
420 1571 442 1648 γ’
465 1571 548 1650 ἔξοχα
573 1571 707 1648 πάντων).
750 1571 839 1645 Apud
862 1571 1048 1630 Theocritum
1073 1573 1162 1644 igitur
1187 1574 1250 1630 sola
1275 1573 1369 1630 insula

230 1669 339 1742 gaudio
361 1671 502 1737 exsultem
524 1669 602 1741 apud
621 1668 828 1727 Callimachum
850 1667 951 1745 νόμραι
972 1665 1107 1745 Δηλιάδες
1130 1701 1165 1710 -
1189 1667 1264 1726 εἶπαν
1277 1665 1369 1725 Ἐλει-

230 1764 312 1842 θοίης
333 1767 404 1844 ἱερὸν
426 1766 510 1842 μέλος
531 1765 605 1840 (256
628 1767 700 1841 sq.);
723 1767 800 1838 apud
821 1766 901 1823 illum
919 1764 977 1823 Oos
997 1765 1117 1836 fingitur
1137 1781 1223 1836 quam
1243 1765 1368 1823 maxime

231 1864 346 1934 poetice
367 1862 565 1938 καθαπτομὲνα
591 1861 704 1939 βρέφεος
729 1861 847 1939 χείρεσσι
872 1860 976 1939 φιλιρσιν
1008 1861 1086 1936 (65),
1119 1861 1196 1933 apud
1227 1861 1301 1918 hune
1332 1860 1369 1918 de

230 1959 308 2018 Delo
330 1961 461 2033 legimus:
490 1958 557 2035 αότὴ
586 1959 616 2016 δὲ
636 1955 763 2037 χροσέοιο
785 1957 828 2016 ἀπ’
851 1955 946 2022 οὔδεος
967 1957 1038 2016 είλεο
1061 1960 1152 2030 παῖδα,
1174 1957 1203 2015 ἐν
1224 1955 1246 2014 δ’
1268 1954 1367 2034 ἐβόλευ

231 2052 368 2112 κόλποισιν
390 2056 462 2128 (264
483 2058 550 2132 sq.).

313 2151 418 2210 Elucet
445 2154 518 2223 iam,
551 2168 636 2223 quarn
667 2153 778 2210 diverse
816 2153 888 2210 haec
919 2153 1013 2209 omnia
1043 2168 1075 2210 se
1104 2152 1243 2225 habeant,
1282 2168 1367 2224 quam

231 2248 346 2306 diversa
367 2249 513 2307 scribendi
544 2251 621 2309 ratio
644 2248 733 2307 buerit
759 2250 788 2306 in
812 2253 934 2321 utroque
964 2254 1065 2320 poeta,
1097 2249 1211 2306 ratione
1244 2249 1367 2320 denique

230 2360 317 2414 quam
338 2344 450 2404 lubrica
471 2346 627 2404 imitatoris
641 2345 811 2404 Callimachi
832 2346 961 2403 imitator
981 2350 1127 2404 statuatur
1148 2347 1182 2409 is,
1205 2346 1253 2416 qui
1267 2345 1364 2404 erse-

232 2457 333 2499 corum
354 2436 505 2514 poetaruni
525 2442 642 2501 minime
657 2442 790 2515 optimus,
812 2447 844 2500 at
856 2443 1020 2515 aequalium
1034 2448 1113 2502 certe
1127 2441 1217 2500 fuerit
1236 2443 1366 2515 ingenio·

230 2539 359 2597 sissimus
390 2555 425 2597 ao
459 2540 694 2611 simplicissimus.
751 2540 826 2597 Nam
861 2540 956 2611 qualis
979 2540 1028 2597 hic
1063 2545 1109 2598 est
1139 2540 1281 2611 imitator,
1317 2540 1367 2611 qui

230 2651 345 2707 semper
376 2635 467 2708 magis
496 2636 611 2709 poetica
636 2642 666 2694 et
686 2636 882 2708 praeclariora
913 2637 1107 2709 composuerit
1127 2653 1213 2708 quam
1234 2654 1270 2695 ea
1290 2641 1364 2707 sunt,

231 2747 305 2801 quae
330 2732 461 2791 imitatus
482 2749 544 2791 esse
571 2733 697 2791 dicitur?
737 2732 840 2791 Potius
865 2734 1093 2805 exspectaverim
1118 2733 1295 2791 imitatorem
1325 2734 1367 2790 in·

230 2826 368 2886 seriorem
390 2844 451 2887 esse
477 2830 618 2903 exemplis
640 2829 810 2901 propositis,
842 2829 871 2887 id
899 2830 974 2900 quod
996 2829 1140 2887 affirmare
1161 2834 1283 2902 possunt
1303 2847 1319 2887 e
1341 2846 1367 2888 c.

231 2924 306 2982 Bion
331 2928 361 2981 et
380 2922 516 2982 Moschus
537 2925 722 2983 Theocritum
742 2926 858 2983 imitati.
874 2958 911 2967 -

312 3020 376 3077 Iam
406 3021 538 3091 quaestio
570 3022 663 3078 oritur
694 3021 730 3079 de
759 3023 938 3095 temporibus
970 3022 1143 3093 carminum,
1179 3038 1252 3094 quae
1282 3023 1366 3080 modo

232 3118 367 3175 tractavi.
390 3150 428 3157 -
450 3118 546 3187 Atque
567 3118 727 3176 encomium
748 3116 962 3191 Theocriteum,
996 3125 1030 3177 ut
1055 3136 1145 3192 supra
1169 3119 1367 3177 demonstrare

232 3213 344 3283 studui,
366 3214 415 3271 vix
437 3218 505 3271 ante
526 3232 552 3273 a.
576 3216 649 3279 270.
676 3220 755 3273 certe
776 3232 832 3274 non
852 3216 944 3274 multo
965 3224 1043 3289 post,
1075 3215 1273 3274 verisimiliter
1292 3214 1368 3270 inter

232 3311 289 3369 270
313 3316 345 3368 et
367 3311 424 3369 266
449 3311 587 3383 scriptum
608 3316 660 3369 est.
701 3312 747 3369 De
767 3313 874 3383 hymno
895 3317 992 3370 autem
1009 3311 1204 3370 Callimacheo
1225 3311 1256 3367 in
1269 3310 1366 3367 Iovem

230 3406 309 3465 facto
333 3408 401 3479 quid
423 3423 523 3466 eruere
542 3408 693 3480 possimus,
715 3423 790 3466 nunc
810 3408 979 3466 videbimus.
1020 3407 1094 3464 Eius
1114 3407 1204 3464 verba
1224 3405 1277 3479 (58
1298 3406 1365 3475 sq.):

445 3505 485 3580 τῷ
505 3525 547 3561 τοι
568 3502 613 3561 καὶ
633 3502 730 3578 γνωτοὶ
750 3500 965 3580 προτερηγενέες
985 3524 1035 3579 περ
1057 3501 1147 3564 ἐόντες

446 3598 560 3677 οόρανδν
582 3598 633 3658 οὔκ
654 3596 791 3677 ἑμέχηραν
813 3601 884 3677 ἔχειν
906 3599 1049 3657 ἐπιδαίσιον
1071 3597 1146 3658 οἶκον

231 3696 414 3767 aliquomodo
441 3698 479 3753 ad
500 3696 722 3769 Philadelphum
749 3701 881 3769 spectare
907 3713 1005 3755 omnes
1030 3695 1092 3755 fere
1123 3701 1286 3766 senserunt,
1319 3696 1366 3767 qui

232 3793 367 3850 carminis
398 3798 512 3865 tempus
543 3793 727 3851 definiebant.
783 3792 844 3851 Our
874 3794 950 3851 enim
982 3793 1180 3863 Callimachus,
1207 3792 1306 3850 multis
1337 3798 1367 3849 et

232 3890 378 3961 expressis
392 3890 487 3947 verbis
509 3892 655 3962 evulgari
668 3890 746 3948 lama
761 3891 909 3949 discedens
924 3887 1114 3948 affirmaverit
1137 3891 1234 3947 Iovem
1249 3888 1366 3946 deorum

231 4001 354 4057 regnum
379 4002 436 4043 non
462 3992 541 4044 sorte
566 3987 724 4060 accepisse,
757 3988 810 4045 sed
835 4003 887 4044 suo
915 3986 1007 4059 ipsius
1037 3984 1155 4056 robore,
1188 3984 1273 4041 rebus
1297 4000 1316 4041 a
1336 4001 1367 4041 se

231 4080 351 4139 fortiter
371 4082 468 4153 gestis,
490 4082 548 4140 nisi
569 4088 648 4141 certo
664 4082 784 4141 consilio
806 4082 837 4139 id
857 4082 971 4152 fecerit,
994 4081 1127 4154 intellegi
1147 4081 1256 4152 nequit,
1278 4096 1366 4153 prae-

231 4177 332 4235 sertim
355 4178 514 4236 cumidem
535 4180 566 4235 in
592 4180 649 4237 alio
677 4180 816 4251 carmine,
849 4177 973 4237 fortasse
996 4179 1025 4235 iu
1046 4178 1154 4246 Astiis,
1186 4177 1258 4235 illnd
1284 4194 1366 4235 meu-
