3217 4950
281 693 418 753 τεύεαθαι·
445 693 490 755 καὶ
510 693 560 772 γὰρ
582 696 696 773 ἔχρῃζεν
718 693 732 751 ὁ
752 693 922 770 Πτολεμαῖος
941 692 1038 752 τούτου
1052 694 1100 751 τοῦ
1121 690 1367 770 ατρατεύματος·οἷ
1381 692 1411 750 δὲ

281 790 383 866 ὁμοίως
403 791 465 866 (sel.
488 790 527 854 ὥς
546 791 594 848 τοῦ
616 789 683 848 θεοῦ
704 788 738 847 τὰ
758 789 901 867 χρήματα,
929 790 1062 864 Delphis)
1083 788 1276 866 ἠβουλήθησαν
1298 788 1410 848 καὶτοῦ

281 886 451 963 Πτολεμαίου
473 886 617 964 διαρπάσαι
636 885 670 944 τὰ
690 879 832 964 χρήματαῗ
859 885 937 960 γνοὺς
958 883 1005 943 οὖν
1027 886 1209 961 συλλαμβάνει
1234 884 1331 949 αὐτοὺς
1352 889 1409 944 κτλ.

279 984 418 1059 Quaestio
449 985 540 1057 igitur
574 983 621 1054 fit,
652 999 708 1054 quo
745 998 820 1040 anno
854 981 1023 1054 Antigonus
1053 982 1185 1041 Gonatas
1213 983 1298 1041 -is
1335 983 1411 1041 enim
1454 1021 1457 1026 -

281 1081 492 1154 intellegendus
517 1085 561 1138 est
582 1113 620 1121 -
641 1079 854 1138 mercennarios
867 1078 970 1138 Gallos
983 1078 1173 1152 Philadelpho
1192 1079 1316 1145 miseria
1338 1096 1412 1150 quae

280 1195 327 1236 res
347 1177 419 1235 mihi
440 1177 525 1236 valde
540 1177 628 1236 dubia
649 1181 701 1247 est,
723 1177 779 1235 etsi
794 1182 889 1236 certos
903 1193 993 1235 annos
1007 1183 1136 1235 statuere
1157 1193 1215 1234 non
1229 1176 1410 1236 dubitabant.

280 1272 380 1345 Atque
401 1274 586 1346 Antigonum,
610 1274 686 1346 apud
708 1289 791 1346 quem
812 1278 878 1346 post
897 1273 1049 1332 victoriam
1069 1273 1241 1346 Delphicam
1261 1273 1411 1332 Celtarum

279 1371 418 1442 reliquiae
439 1370 614 1439 militabant,
637 1371 737 1444 copias
757 1371 925 1429 Ptolemaeo
947 1372 1058 1431 misisse
1079 1387 1137 1430 non
1158 1377 1226 1429 ante
1247 1387 1294 1429 res
1314 1371 1412 1428 Mace·

280 1467 382 1526 doniae
413 1467 599 1536 constitutas,
631 1467 651 1524 i.
678 1485 702 1525 e.
731 1483 786 1524 non
814 1472 882 1525 ante
907 1484 933 1524 a.
961 1468 1034 1540 277,
1066 1467 1263 1526 verisimiliter
1294 1467 1412 1540 ponitur

280 1564 399 1639 (Droys.
426 1564 479 1623 ΠΙ.
510 1568 534 1636 l,
561 1581 589 1637 p.
613 1565 679 1622 194.
707 1565 766 1623 270
792 1564 856 1624 adn.
880 1563 920 1638 2).
962 1565 1039 1625 Num
1066 1581 1133 1623 vero
1159 1581 1183 1623 a
1206 1565 1264 1622 276
1290 1563 1410 1635 miserit,

279 1667 313 1719 ut
332 1661 485 1734 Koe'ppius
508 1662 538 1737 (1.
561 1663 579 1719 l.
602 1678 631 1734 p.
654 1661 727 1737 212)
747 1666 845 1734 putat,
867 1668 1021 1735 procerte
1043 1661 1185 1720 affirmari
1205 1662 1318 1734 nequit;
1345 1677 1412 1719 nam

280 1758 393 1815 etiamsi
413 1774 514 1816 verum
535 1765 580 1816 est
595 1757 693 1816 Gallos
714 1763 780 1829 post
800 1759 1001 1817 Macedoniam
1021 1764 1168 1832 receptam
1181 1759 1328 1829 Anugono
1350 1773 1412 1814 mo·

279 1853 369 1912 lestos
389 1854 493 1920 fuisse,
525 1854 621 1912 itaut
642 1869 692 1912 eos
711 1871 730 1912 a
751 1870 782 1912 se
807 1869 942 1913 amovere
962 1860 1093 1928 cuperet,
1126 1861 1222 1912 tamen
1246 1870 1305 1912 non
1329 1853 1410 1926 prius

279 1949 471 2024 Philadelpho
503 1950 618 2008 mittere
650 1950 757 2023 potuit,
790 1967 875 2022 quam
900 1952 937 2008 ab
963 1967 998 2010 eo
1029 1957 1063 2009 ut
1092 1951 1223 2009 mitteret
1252 1955 1410 2022 peteretur.

280 2047 361 2118 Quod
393 2053 488 2106 autem
519 2047 675 2106 scholiasta
706 2047 741 2106 de
767 2047 885 2106 (innata
910 2048 984 2106 dixit
1000 2045 1156 2121 Ἀντίγονός
1180 2069 1229 2110 τις
1254 2047 1349 2124 φίλος
1374 2080 1411 2088 -

280 2142 452 2218 Πτολεμαίου
474 2143 592 2218 (Droys.
609 2145 667 2202 270
689 2145 754 2202 adn.
776 2143 817 2218 2),
840 2144 997 2202 cavendum
1011 2149 1064 2215 est,
1087 2160 1123 2203 ne
1143 2144 1213 2215 quid
1233 2160 1249 2201 e
1270 2144 1410 2202 vocabulo

280 2239 356 2316 φίλος
382 2241 581 2309 emulabatur,
614 2241 681 2312 quia
706 2241 884 2313 Antigonum
909 2241 954 2299 illi
979 2241 1152 2300 scholiastae
1183 2257 1285 2313 pamm
1309 2245 1410 2299 notum
1488 2316 1491 2321 Ι

280 2336 369 2395 fuisse
391 2338 455 2409 ipsa
475 2337 588 2396 dicendi
608 2338 685 2396 ratio
707 2338 894 2408 demonstrat,
915 2338 997 2395 velut
1010 2337 1053 2395 ·de
1073 2339 1166 2394 Arato
1187 2338 1217 2393 in
1238 2336 1326 2395 schol.
1349 2336 1411 2394 cod.

280 2432 357 2491 lad
379 2433 500 2494 Theoti.
524 2435 551 2503 6,
576 2435 590 2492 1
613 2434 747 2507 legimus:
779 2432 1000 2512 προσδιαλέγεται
1015 2431 1128 2511 Ἀράτῳ
1149 2432 1197 2491 τινὶ
1217 2431 1288 2510 φίλῳ
1314 2432 1411 2491 ἑαυτοῦ

280 2528 294 2586 ὁ
316 2527 492 2606 Θεόκριτος“).

360 2628 420 2684 Iam
441 2643 624 2698 quaeramus,
656 2642 724 2683 num
745 2628 901 2685 terminum
922 2643 1023 2685 eruere
1048 2627 1203 2699 possimus,
1235 2631 1410 2697 antequem

280 2722 377 2781 Celtas
397 2724 425 2780 in
447 2723 614 2797 Aegyptum
639 2723 751 2781 venisse
772 2740 889 2782 necesse
913 2724 960 2782 sit.
1003 2722 1103 2795 Atque
1123 2740 1187 2781 cum
1218 2722 1247 2779 id
1278 2738 1335 2779 non
1359 2737 1412 2794 po·

279 2820 371 2877 tuerit
390 2816 455 2877 fieri
475 2835 510 2877 eo
531 2824 674 2892 tempore,
708 2836 763 2892 quo
785 2818 949 2893 Antigonus
969 2825 1001 2878 et
1020 2818 1230 2892 Philadelphus
1250 2817 1411 2876 inimicitiis

279 2916 424 2989 segregati
446 2921 540 2987 erant,
561 2917 752 2975 mercennarii
772 2916 939 2975 missisunt
958 2922 1026 2975 ante
1040 2917 1146 2975 bellum
1161 2915 1409 2984 Chremonideum,

279 3028 334 3084 quo
349 3012 536 3071 Ptolemaeus
551 3014 769 3071 Atheniensium
791 3012 964 3072 secluserat
984 3020 1087 3071 contra
1100 3014 1276 3085 Antigonum
1290 3009 1408 3086 (Droys.

279 3125 307 3181 p.
329 3109 410 3179 232).
452 3109 510 3167 Sed
532 3122 596 3167 oum
617 3109 703 3168 huius
722 3124 835 3180 quoque
861 3109 933 3167 belli
952 3115 1067 3182 tempus
1087 3110 1168 3167 varie
1195 3108 1361 3176 deliniatur,
1394 3124 1412 3165 a

279 3203 429 3276 Droyseno
455 3206 589 3277 266-3,
623 3206 659 3263 ab
687 3206 838 3278 Hempelio
863 3206 930 3265 inde
956 3205 992 3264 ab
1019 3222 1047 3265 a.
1068 3207 1141 3277 264,
1174 3207 1228 3263 hoc
1258 3206 1412 3265 discrimen

279 3301 361 3359 nobis
382 3302 592 3374 expediendum
613 3309 703 3369 esset,
726 3303 783 3362 nisi
802 3304 889 3362 titulo
911 3303 1058 3380 quodam)
1079 3303 1295 3362 adiuvaremur:
1327 3302 1357 3359 in
1378 3316 1412 3359 eo

280 3398 355 3455 enim
377 3396 420 3455 ἐπὶ
440 3397 609 3475 Πειθιδήμοο
631 3398 673 3475 (.)
695 3396 829 3478 ἄρχοντος
850 3400 973 3472 scripto,
1001 3416 1085 3471 quem
1105 3400 1273 3457 archontem
1295 3398 1412 3456 Ditten·

279 3492 443 3570 tergenus)
465 3496 571 3569 olymp.
596 3498 661 3568 128,
685 3497 703 3555 2
724 3497 771 3555 vel
792 3498 810 3555 3
832 3496 937 3555 tribuit
958 3496 1062 3571 (totto
1082 3497 1127 3553 vel
1148 3493 1254 3570 266ίὸ)
1276 3526 1314 3535 -
1335 3494 1411 3551 Ran-

278 3590 362 3661 gabis
393 3597 481 3649 antee
508 3596 653 3650 statuerat
678 3592 896 3665 inscriptionem
921 3593 1030 3650 factam
1056 3608 1120 3650 esse
1145 3592 1222 3650 iuter
1248 3592 1285 3650 ol.
1310 3590 1410 3658 127,2

280 3684 397 3761 (271(0)
412 3693 442 3745 et
454 3689 520 3760 128,
532 3689 551 3747 4
566 3688 651 3763 (265)
665 3722 714 3761 -,
730 3690 894 3747 etiamnunc
910 3693 1005 3747 exstat
1019 3688 1120 3747 foedus
1133 3689 1210 3747 inter
1219 3686 1412 3745 Athenienses

279 3788 308 3841 et
329 3783 573 3844 Lacedaemonios
598 3785 719 3854 factum,
751 3784 827 3849 ὅπως
859 3783 890 3842 ἂν
916 3782 963 3843 οὖν
996 3789 1087 3862 κοινῆς
1113 3783 1240 3860 ὁμονοίας
1264 3782 1412 3859 γενομένης

350 4002 372 4066 ¹)
392 3998 433 4055 ef.
452 4000 615 4056 Buecheler.
635 4016 706 4056 mus.
726 4000 804 4056 rhen.
824 4004 868 4072 39,
890 4004 967 4071 1664,
987 4018 1016 4071 p.
1037 4004 1096 4057 277.
1116 4031 1149 4044 -

350 4087 372 4154 ²)
393 4086 422 4143 C.
442 4086 463 4145 Ι.
482 4088 541 4142 Att.
560 4086 597 4143 II.
619 4092 641 4157 1,
663 4104 709 4145 no.
730 4090 790 4145 332.
814 4120 842 4128 —

351 4175 372 4243 ³)
392 4175 486 4230 Herm.
505 4173 533 4229 lI
552 4177 613 4230 301.
633 4177 695 4231 306.
714 4206 747 4215 -
