3217 4950
709 517 930 577 ...4)-

251 703 392 760 Arsinoae
417 704 525 762 sororis
551 703 724 762 celebratas:
757 721 783 762 a.
807 703 875 772 266,
906 705 955 761 vel
979 705 1005 760 si
1027 702 1230 762 Wiedemanni
1255 705 1382 762 rationes

252 799 404 871 sequimur,
426 801 514 872 paulo
528 804 596 858 ante
617 818 644 859 a.
661 802 728 858 271.
771 799 860 858 Falso
874 801 950 858 enim
964 801 1141 873 Droysenus,
1164 802 1209 858 cui
1223 807 1383 874 paruerunt

250 895 379 954 Onustus
406 896 449 971 (p.
472 898 531 956 105
552 896 610 971 sq.)
635 901 666 955 et
686 897 869 969 Hempelius,
901 897 931 953 in
962 896 1017 954 hoc
1044 899 1170 954 carmine
1195 897 1268 974 tepori
1293 896 1382 972 γάμου

250 993 424 1051 mentionem
445 992 620 1051 desideravit
645 993 686 1067 (p.
709 993 766 1050 166
789 992 854 1049 888.
880 993 922 1062 l),
955 992 1091 1063 deceptus
1116 994 1212 1051 uerbis
1233 993 1383 1052 Theocriti

255 1089 317 1164 (17,
342 1091 396 1147 131
419 1089 507 1164 sqq).
549 1089 624 1159 0818
650 1089 725 1146 enim
744 1089 770 1146 is
795 1104 846 1146 suo
872 1089 989 1158 ingenio
1010 1088 1163 1172 obsecutus
1188 1090 1260 1147 illud
1281 1093 1384 1148 matri·

255 1185 380 1243 monium
401 1187 481 1243 velut
501 1185 574 1262 ἱερὸν
595 1183 683 1259 γάμον
705 1185 833 1243 celebrat
857 1192 1015 1257 praeeunte
1036 1186 1129 1252 nullo,
1161 1203 1229 1242 num
1250 1186 1316 1244 inde
1336 1188 1384 1245 vel

253 1282 349 1352 aliquo
371 1285 433 1338 iure
453 1283 634 1340 concluditur
648 1282 779 1346 debuisse
800 1283 844 1339 ita
867 1283 946 1354 loqui
967 1282 1054 1340 etiam
1070 1281 1276 1340 Callimachum
1297 1283 1328 1340 in
1349 1300 1383 1341 eo

253 1377 391 1447 carmine,
423 1379 530 1450 inquo
556 1383 669 1451 partem
691 1379 782 1437 solam
808 1377 970 1436 fabularum
992 1379 1143 1451 amplexus
1163 1379 1235 1436 nihil
1257 1378 1328 1436 dicit
1348 1378 1384 1436 de

254 1475 398 1533 amoribus
418 1475 510 1545 Iovis,
543 1476 594 1534 888
615 1475 650 1532 88
672 1476 734 1534 8818
759 1476 822 1534 8188
842 1474 966 1533 18188118
985 1492 1134 1546 regnoque
1155 1477 1326 1548 agitatque
1347 1475 1385 1532 ad

250 1575 411 1628 extrenium
431 1570 530 1629 Iovem
551 1577 580 1629 et
600 1571 797 1630 Ptolemaeum
824 1573 903 1630 inter
929 1587 960 1630 se
980 1572 1188 1642 quodammodo
1215 1575 1384 1644 comparsit>

250 1667 349 1737 Neque
376 1667 467 1740 igitur
492 1685 528 1726 ex
551 1669 606 1726 hoc
632 1668 747 1726 silentio
780 1668 935 1740 quidquam
965 1670 1046 1739 sequi
1076 1674 1156 1726 recto
1169 1679 1172 1684 ’
1187 1669 1294 1727 1881818
1325 1669 1383 1726 iam

249 1762 406 1821 Richterus
426 1765 556 1822 breviter
581 1765 731 1822 adnotavit
755 1765 796 1840 (p.
822 1765 862 1839 l).
905 1766 990 1824 Haec
1015 1770 1111 1823 antem
1138 1767 1173 1823 de
1198 1766 1383 1824 matrimonio

252 1859 411 1932 disputavi,
445 1877 502 1919 non
523 1860 598 1932 quod
620 1861 766 1919 crederem
787 1867 853 1933 post
873 1862 905 1920 id
924 1864 1060 1934 hymnum
1081 1863 1218 1935 scriptum
1240 1879 1311 1930 csse,
1333 1862 1384 1920 sed

187 2020 189 2023 .
255 1966 287 2012 ut
307 1956 455 2027 reinonem,
477 1973 532 2028 quo
553 1957 584 2014 in
604 1963 737 2015 neutram
757 1964 870 2031 partem
890 1959 1045 2030 quidquam
1066 1959 1248 2031 probaretur.

331 2054 463 2112 Vidimus
482 2055 576 2126 igitur
591 2055 680 2113 verba
700 2057 741 2130 τῷ
760 2077 802 2113 τοι
823 2054 868 2114 καὶ
889 2055 987 2129 γνωτοὶ
1008 2059 1066 2114 κτλ.
1089 2061 1157 2127 apte
1179 2055 1237 2114 dici
1257 2056 1385 2128 potuisse

253 2152 680 2210 88.8.2858188.8.880.
728 2151 833 2222 Itaque
865 2153 1027 2224 quaeritur,
1059 2168 1128 2209 num
1159 2153 1226 2223 quid
1258 2169 1294 2210 ex
1318 2153 1385 2211 aliis

256 2247 391 2306 carminis
411 2248 509 2305 verbis
529 2263 663 2306 eruamus
684 2248 721 2304 ad
741 2248 895 2305 discrimen
916 2248 1115 2307 dirimendum.
1157 2247 1199 2305 Et
1218 2264 1384 2306 succurrere

255 2344 338 2402 nobis
358 2343 493 2403 videniur
512 2344 543 2401 hi
563 2361 674 2403 versus:
697 2344 722 2402 οἱ
741 2343 819 2402 δὲτὰ
833 2344 882 2419 μὲν
904 2343 1109 2403 8188818888
1130 2343 1183 2421 οὐχ
1204 2343 1244 2400 ἐνί
1262 2344 1325 2419 (881.
1340 2365 1384 2401 τε·

252 2439 362 2516 λοῦσιν),
383 2445 438 2499 τῶν
460 2438 482 2499 δ’
504 2438 556 2499 ἀπὸ
577 2440 690 2517 πάμπαν
711 2439 792 2505 αὐτὸς
819 2439 885 2517 dorp
907 2440 1063 2514 ἐκόλουσας,
1091 2439 1254 2505 ἐνέκλασσας
1280 2439 1310 2497 δὲ
1331 2461 1384 2515 με·

253 2537 341 2613 νοινήν
362 2537 414 2612 (89
436 2540 500 2613 sq).
542 2538 631 2596 Alter
654 2540 795 2611 imprimis
808 2556 908 2597 versus
930 2538 998 2615 (90)
1020 2539 1143 2597 fortasse
1164 2538 1248 2597 docet
1269 2554 1385 2596 carmen

251 2650 293 2691 ca.
316 2652 348 2693 a..
365 2636 423 2695 280
445 2636 633 2707 compositum
653 2652 730 2705 esse,
762 2637 898 2706 quoniam
918 2642 980 2693 tum
1001 2641 1079 2694 certe
1100 2637 1136 2693 de
1156 2636 1236 2705 aliis,
1258 2635 1383 2692 maxime

252 2731 287 2788 dc
309 2731 448 2802 Cerauno,
469 2733 512 2789 ita
532 2732 611 2802 loqui
625 2732 720 2799 licuit;
743 2750 914 2803 quamquam
934 2735 1007 2791 haec
1025 2734 1114 2791 verba
1135 2749 1188 2804 per
1206 2747 1237 2789 se
1256 2732 1320 2789 sola
1339 2731 1383 2787 in·

251 2828 368 2887 tellecta
388 2834 448 2886 tam
472 2830 605 2887 universe
636 2830 730 2902 posita
761 2835 841 2898 suut,
874 2830 947 2887 nihil
971 2833 1004 2886 ut
1027 2830 1093 2890 inde
1118 2828 1251 2887 concludi
1275 2830 1376 2900 possit.

251 2924 412 2984 Coniuncta
432 2932 529 2984 tamen
555 2942 619 2984 cum
639 2927 699 2985 illis
718 2928 758 3004 τῷ
774 2947 816 2984 τοι
836 2925 881 2986 καὶ
901 2925 999 3001 γνωτοὶ
1019 2929 1078 2985 κτλ,
1101 2926 1227 2997 aliquam
1247 2925 1306 2982 vim
1326 2925 1381 2982 tri-

252 3022 341 3081 buere
361 3029 480 3094 possunt
501 3025 662 3082 sententiae
688 3026 825 3097 hymnum
852 3042 878 3081 a.
901 3026 960 3082 880
981 3024 1026 3081 vel
1046 3022 1133 3095 paulo
1153 3029 1220 3095 post
1244 3023 1383 3094 scripturn

255 3136 327 3177 esse.
360 3118 459 3191 Neque
481 3136 549 3178 vero
564 3122 648 3193 plura
668 3121 828 3179 eversibus
849 3121 874 3178 oi
895 3120 925 3177 δὲ
944 3119 979 3177 τὰ
993 3120 1043 3196 μὲν
1064 3122 1123 3178 κτλ.
1146 3119 1287 3177 elicienda
1307 3123 1382 3187 sunt,

253 3216 333 3273 velut
353 3232 411 3273 uon
434 3219 514 3274 recte
535 3216 702 3289 Hempelius
725 3216 765 3291 (p.
791 3218 842 3291 89)
864 3216 899 3274 de
922 3216 1135 3287 ,compluribus
1154 3215 1239 3273 bellis
1259 3214 1384 3272 feliciter

256 3312 359 3385 gestis“
383 3312 538 3383 cogitavit:
570 3330 643 3383 quae
665 3317 697 3369 ut
718 3330 770 3385 per
790 3330 821 3371 se
846 3314 940 3371 inesse
960 3328 1045 3384 possa
1069 3328 1153 3369 nemo
1174 3311 1308 3383 negabit,
1340 3311 1383 3367 ita

255 3409 349 3467 inesse
371 3409 475 3467 debere
495 3424 551 3466 non
572 3410 682 3482 poterit
695 3410 822 3482 probari.
854 3409 935 3467 Idem
956 3409 991 3467 88
1005 3409 1101 3468 verbis
1121 3407 1234 3485 περιπρὸ
1248 3407 1298 3482 γὰρ
1319 3405 1382 3483 ariph

254 3501 370 3580 βέβηκεν
397 3506 463 3581 (86)
494 3505 677 3564 1881888888
703 3511 755 3563 est.
797 3505 920 3565 Omnino
947 3508 1020 3564 baec
1044 3505 1134 3564 verba
1164 3522 1222 3563 non
1252 3504 1383 3562 historici

255 3608 321 3662 sunt
342 3601 393 3659 sed
414 3607 518 3673 poetae
539 3608 569 3660 et
583 3604 643 3660 eius
665 3618 749 3674 quam
764 3603 887 3660 maxime
908 3602 1081 3660 blandientis
1094 3618 1195 3672 resque
1215 3602 1300 3659 nimis
1321 3617 1382 3657 am-

254 3698 419 3771 plificantis.
451 3698 548 3772 Quare
561 3716 619 3757 nou
633 3700 758 3770 obstant,
774 3701 925 3770 quominus
939 3716 1055 3757 carmen
1069 3715 1112 3756 ca.
1128 3714 1154 3755 a.
1170 3697 1382 3768 subscriptum

252 3795 302 3861 sit,
334 3795 505 3867 praesertim
532 3812 596 3853 cum
621 3796 679 3853 iam
701 3812 727 3853 a.
750 3797 809 3855 280
830 3795 1020 3869 Philadelpho
1042 3800 1144 3853 contra
1163 3794 1315 3852 Seleucum
1335 3808 1383 3850 res

253 3907 390 3965 prospere
405 3892 556 3950 cessissent
574 3896 604 3951 et
618 3892 721 3966 Syriae
741 3909 810 3965 pars
831 3892 982 3965 obtigisset
1002 3890 1053 3965 (81.
1070 3890 1174 3963 Droys.
1196 3906 1223 3961 p.
1247 3887 1328 3963 256).

331 3987 456 4047 Obstare
479 3993 575 4047 autem
595 3987 721 4046 fortasse
741 3990 830 4046 alicui
842 3988 987 4046 videbitur
1008 3994 1091 4045 aetas
1105 3986 1284 4053 Callimachi,
1307 4000 1382 4055 quae

253 4086 316 4158 ipsa
335 4101 448 4157 quoque
472 4100 560 4143 causa
585 4084 655 4155 init,
688 4102 739 4143 cur
759 4084 928 4158 Hempelius
953 4082 996 4157 (p.
1020 4082 1071 4157 88)
1098 4083 1227 4155 longiore
1253 4087 1382 4153 tempore

254 4186 320 4255 post
345 4182 453 4242 8180
478 4196 594 4240 carmen
626 4182 764 4255 scriptum
791 4192 860 4239 'esse
892 4185 1044 4239 statueret.
1086 4180 1130 4238 At
1159 4196 1216 4238 non
1248 4183 1382 4237 accurate
