3217 4950
697 547 917 609 ..14-

239 737 403 796 Ptolemaeo
436 735 593 808 laudando,
626 740 708 794 ceute
741 736 837 794 omnia
868 736 1051 805 omittantur,
1084 752 1156 807 quae
1180 738 1227 795 vel
1256 737 1364 810 aliquid

239 833 354 892 laedere
375 833 488 906 possint
508 833 585 906 regis
606 833 739 891 animum.
780 833 857 893 Nam
877 837 942 891 utut
962 834 998 892 de
1018 833 1073 890 hae
1093 849 1188 906 pugna
1212 834 1363 907 iudicatur,

239 931 274 988 de
305 946 362 1002 qua
388 946 533 1002 perpauca
564 932 711 1002 comperta
741 930 891 998 habemus,
924 931 1036 989 etiamsi
1064 946 1127 989 earn
1157 946 1215 988 non
1244 931 1364 989 multum

239 1027 363 1086 valuisse
384 1028 422 1086 ad
437 1028 620 1101 Philadelphi
634 1031 783 1104 imperium
798 1029 994 1099 concedamus,
1015 1033 1120 1096 tamen,
1142 1028 1168 1086 si
1181 1028 1280 1086 statim
1300 1033 1366 1101 post

240 1141 356 1183 carmen
381 1127 600 1198 composuisset,
631 1127 682 1185 vix
707 1131 752 1186 tot
781 1126 879 1186 verbis
902 1126 1013 1186 insulae
1037 1125 1211 1184 mentionem
1240 1124 1364 1193 fecisset,

239 1223 410 1295 praesertim
443 1238 507 1280 cum
537 1239 574 1280 ne
605 1238 677 1295 opus
697 1223 811 1296 quidem
835 1223 863 1282 ei
888 1228 965 1281 esset
994 1227 1080 1293 atque
1104 1222 1188 1281 facile
1211 1238 1259 1281 res
1279 1222 1366 1280 aliter

238 1322 335 1392 posset
382 1319 502 1378 institui.
566 1318 656 1389 Quam
691 1320 864 1378 sententiam
900 1318 1067 1378 confirmant
1106 1319 1230 1395 maxime
1277 1319 1366 1376 verba

238 1415 302 1479 τίοις
322 1414 352 1473 δέ
368 1436 402 1491 με
416 1415 511 1473 τόσσον
526 1418 593 1488 aul„
615 1417 646 1473 in
661 1416 761 1488 quibus
774 1415 937 1489 putaverim
950 1416 1060 1489 aliquid
1073 1416 1166 1476 inesse
1180 1415 1364 1487 „audaciae“‚

238 1513 395 1570 sitantum
416 1513 554 1572 honorem
575 1528 610 1571 ea
630 1513 725 1571 insula
744 1517 840 1586 petat,
872 1513 952 1572 cuius
977 1529 1082 1572 nomen
1101 1513 1127 1571 si
1150 1529 1208 1572 non
1228 1511 1363 1571 infestum

240 1607 356 1667 auribus
375 1608 537 1668 Ptolemaei
557 1609 623 1679 fnit,
645 1615 676 1668 at
696 1610 871 1683 aliquamdiu
892 1615 970 1669 certe
991 1611 1145 1683 ingratum.
1187 1610 1266 1670 Idem
1287 1609 1365 1667 cadit

240 1707 271 1764 in
290 1721 331 1764 vs.
347 1707 382 1764 71
400 1711 430 1764 et
445 1708 498 1766 72:
520 1705 557 1769 ὣς
572 1703 624 1784 ἄρα
638 1708 718 1770 νᾶσος
732 1709 827 1766 ἔειπεν.
849 1707 863 1764 ὁ
885 1705 907 1765 δ’
928 1705 1030 1784 ὑψόθεν
1051 1709 1148 1783 ἔκλαγε
1168 1708 1247 1784 φωνᾷ
1267 1705 1296 1770 ἐς
1308 1705 1363 1784 τρὶς

241 1801 293 1861 ἀπὸ
314 1801 418 1879 νεφέων
437 1802 521 1878 μέγας
535 1801 623 1867 αἰετὸς
643 1803 725 1868 αἴσιος
739 1803 819 1880 ὅρνις.
853 1805 917 1863 Hoc
929 1805 1018 1877 igitur
1031 1805 1103 1863 scite
1124 1821 1181 1863 non
1201 1804 1363 1862 institutum

241 1904 304 1958 erat
330 1899 523 1958 aTheoerito
556 1901 655 1959 statim
680 1907 747 1974 post
766 1900 857 1960 Oeam
887 1917 1024 1975 pugnam3
1056 1917 1225 1973 quamquam
1255 1901 1365 1972 aliquot

241 1996 407 2070 annis'post·
416 1997 555 2056 memoria
568 1996 658 2056 cladis
672 1998 813 2070 paulatim
827 1999 982 2057 obliterata
996 2014 1052 2057 non
1064 2014 1138 2070 nego
1152 1997 1214 2056 lieri
1227 1997 1364 2070 potuisse,

241 2097 275 2149 ut
294 2091 330 2150 de
349 2093 445 2151 insule
464 2111 511 2152 res
531 2095 574 2152 ita
594 2099 736 2166 narraret,
759 2099 792 2152 ut
812 2096 951 2154 narravit.

321 2187 383 2258 ouo
403 2205 471 2248 vere
492 2206 567 2248 anno
588 2207 686 2263 pugna
707 2192 858 2250 commissa
878 2192 924 2262 sit,
950 2209 997 2250 res
1021 2197 1064 2250 est
1084 2192 1178 2251 adhuc
1196 2192 1316 2249 obscura
1336 2195 1366 2248 et

242 2285 417 2345 addubitata
460 2287 626 2360 Droysenus
646 2287 773 2360 quidem,
806 2305 926 2361 quocum
950 2289 1083 2362 plerique
1107 2286 1229 2356 iaciunt,
1261 2303 1366 2345 annum

241 2383 322 2455 ponit
343 2383 401 2442 266
423 2383 463 2458 (p.
487 2383 547 2442 244
566 2384 632 2466 adn.
647 2383 693 2459 4);
717 2401 810 2457 neque
831 2391 913 2445 caret
932 2386 963 2444 id
983 2385 1169 2460 argumentis
1196 2384 1366 2456 Hempelius

242 2480 283 2555 (p.
299 2478 349 2555 75)
370 2486 455 2556 putat
473 2480 560 2541 fuisse
582 2499 645 2541 eam
665 2488 777 2542 aestate
798 2483 866 2542 anni
880 2484 947 2556 263,
969 2485 1025 2544 etsi
1045 2484 1106 2542 eius
1126 2479 1291 2557 argumenta
1311 2497 1368 2539 non

234 2578 367 2636 ,certiora
387 2585 454 2637 sunt
474 2594 557 2651 quam
576 2579 732 2652 Droyseni.
777 2580 823 2637 Ab
848 2580 901 2637 hoc
921 2585 1018 2638 tamen
1044 2581 1183 2653 temporis
1202 2578 1364 2638 discrimine

242 2677 271 2733 in
291 2680 393 2734 nostra
412 2692 500 2734 causa
520 2692 576 2735 non
596 2676 716 2734 multum
736 2677 861 2749 pendere
880 2682 983 2749 postea
1002 2677 1164 2750 apparebit.

321 2772 427 2831 Incidit
447 2776 543 2831 autem
563 2789 658 2846 pugna
678 2772 730 2831 illa
749 2774 781 2831 in
800 2774 908 2831 bellum
927 2772 1172 2840 Chremonideum
1201 2773 1280 2831 cuius
1301 2787 1365 2829 cum

242 2873 371 2941 tempore
395 2869 564 2943 Droysenus
596 2870 743 2929 coniunxit
773 2872 897 2943 primum
926 2872 1034 2929 bellum
1063 2871 1179 2944 Syrium
1211 2868 1252 2944 (p.
1285 2868 1366 2944 276),

244 2966 318 3037 qnod
338 2968 443 3025 statuit
462 2970 572 3040 gestum
593 2983 655 3025 esse
675 2968 752 3025 inter
772 2984 799 3028 a.
822 2970 879 3028 266
901 2973 932 3027 et
952 2969 1020 3027 263.
1060 2966 1168 3039 Quodsi
1186 2966 1241 3025 hcc
1260 2965 1367 3024 bellum

243 3062 340 3121 decem
365 3063 448 3120 annis
474 3068 541 3122 ante
567 3062 654 3122 luisse
675 3062 823 3137 Koeppius
847 3082 863 3124 e
888 3069 1018 3138 tempore
1043 3063 1178 3123 carminis
1202 3061 1366 3121 Theocritei

244 3159 388 3219 concludit
409 3160 450 3234 (p.
466 3160 522 3218 211
538 3158 603 3234 sn),
625 3160 656 3216 in
670 3175 768 3217 errore
788 3164 929 3220 versatur.
970 3161 1047 3221 Nam
1067 3160 1143 3232 quod
1163 3158 1235 3217 dicit
1253 3174 1366 3217 versum

246 3257 303 3314 104
323 3273 365 3328 sq.
390 3256 536 3329 pertinere
566 3256 604 3315 ad
636 3272 707 3329 eum,
742 3256 814 3327 „der
843 3273 908 3315 zum
939 3261 1034 3316 ersten
1053 3257 1132 3316 Male
1163 3256 1215 3314 das
1239 3255 1368 3315 Schwert

243 3353 334 3424 nieht,
365 3370 414 3411 um
443 3370 480 3411 zu
509 3353 623 3425 zeigen,
656 3352 713 3412 dall
746 3369 778 3412 er
802 3354 885 3413 nicht
913 3371 967 3413 nur
992 3355 1043 3413 das
1072 3355 1187 3413 ererbte
1212 3352 1301 3412 Reieh
1331 3367 1368 3409 zu

245 3450 380 3508 schiitzen
404 3449 492 3522 weiss,
524 3450 647 3510 sondern
668 3449 725 3509 dall
749 3468 782 3510 er
806 3468 838 3509 es
863 3452 938 3510 auch
961 3453 1005 3511 als
1024 3452 1169 3511 Ereberer
1187 3466 1224 3509 zu
1249 3450 1367 3508 mehren

244 3551 392 3620 vermag“‚
424 3564 457 3607 ec
478 3549 539 3621 ipsc
561 3552 705 3621 tempore,
737 3563 793 3618 qno
813 3564 928 3607 carmen
949 3548 1135 3621 compositum
1156 3554 1212 3617 est,
1243 3548 1367 3619 primum

244 3660 343 3717 regem
363 3646 392 3702 in
411 3646 517 3704 bellum
531 3643 674 3719 proficisci
694 3661 730 3704 ne
745 3661 781 3703 ex
794 3661 852 3704 uno
873 3644 986 3717 quidem
999 3644 1086 3704 verbo
1107 3644 1239 3704 concludi
1258 3647 1365 3716 potest.

245 3742 291 3801 De
315 3743 375 3801 illis
405 3744 480 3801 enim
511 3743 639 3802 versibus
668 3742 754 3801 aliter
778 3759 867 3815 supra
896 3742 1022 3800 iudicavi
1057 3742 1100 3817 (p.
1126 3741 1169 3817 9).
1220 3741 1261 3799 Et
1290 3739 1366 3812 quod

247 3855 385 3897 summum
407 3843 459 3912 est,
480 3839 538 3897 iam
558 3837 682 3898 refutavi
694 3840 863 3913 Koeppium
884 3855 998 3898 carmen
1017 3838 1164 3897 aoncilii
1184 3837 1367 3896 tribuentem.

246 3936 366 3995 Omnino
394 3936 549 3995 cavendum
576 3940 632 4007 est,
664 3952 700 3994 ne
725 3940 859 4009 tempora
882 3952 979 3994 rerum
1003 3940 1150 4007 gestarum
1174 3934 1296 3993 obscura
1320 3933 1368 3991 de·

245 4034 381 4092 finiantur
406 4032 542 4105 carmine,
568 4034 647 4092 cuins
670 4037 785 4105 tempus
809 4034 903 4106 ipsum
927 4047 1038 4104 qnoque
1062 4031 1235 4091 coniecturis
1255 4032 1367 4090 demum

246 4132 336 4191 statui
365 4134 468 4204 potest.
514 4128 618 4189 Potius
648 4131 723 4191 ratio
750 4130 896 4189 centraria
920 4130 1096 4189 instituenda
1121 4133 1174 4189 est.
1219 4128 1302 4187 Idem
1323 4128 1368 4188 vir

247 4219 347 4288 doctum
373 4243 436 4287 cum
464 4227 565 4287 deinde
584 4226 691 4286 statuit
711 4227 819 4286 bellum
844 4243 908 4285 omn
927 4227 1028 4301 Maga,
1059 4243 1130 4312 rege
1151 4224 1366 4301 Cyrenensium,
