3217 4950
679 503 879 578 -6'-

211 706 391 783 γεννηθέντας
421 703 522 782 (αὐτῷ)
553 706 658 769 παῖδας·
680 702 747 780 αὕτη
768 704 857 781 γὰρὴ
883 703 1048 782 φιλάδελφος
1073 702 1184 767 ἄτεκνος
1204 701 1339 762 ἀπέθανεν

214 804 358 880 (Ambrae.
374 803 454 875 222),
476 802 542 861 iude
562 801 638 861 effici
651 803 768 878 nuptias
788 801 878 861 fuisse
898 819 926 863 a.
941 804 1008 873 271,
1029 802 1165 874 quoniam
1184 801 1339 860 verisimile

95 947 99 956 .
211 901 250 960 sit
272 901 372 959 eodem
396 915 479 969 anno,
510 915 566 971 quo
586 904 671 972 pater
690 916 809 959 uxorem
829 901 952 959 alteram
972 899 1096 968 duxerit,
1126 898 1289 972 Euergeten
1309 903 1339 956 et

210 998 241 1055 in
261 997 443 1071 adoptionem
464 997 584 1056 ascitum
605 1002 636 1056 et
655 997 739 1070 regni
758 997 866 1056 socium
887 1001 1063 1072 assumptum
1082 1013 1154 1056 esse.

289 1092 334 1153 At
354 1095 380 1153 si
399 1095 530 1169 ponimus
550 1110 615 1154 eum
635 1109 776 1152 unacum
789 1094 930 1153 Arsinoae
950 1095 1058 1167 nuptiis
1076 1093 1246 1167 adoptatum
1266 1107 1338 1164 esse,

211 1207 381 1263 quamquam
401 1209 437 1250 ne
457 1192 488 1250 id
508 1191 624 1264 quidem
645 1195 754 1250 certum
775 1195 827 1262 est,
849 1207 905 1249 uon
926 1191 1067 1262 sequitur,
1091 1195 1125 1249 ut
1145 1190 1246 1250 eodem
1265 1205 1338 1247 auno

209 1289 291 1361 regio
312 1290 428 1349 nomine
455 1295 572 1350 ornatus
602 1289 715 1348 autad
740 1288 918 1362 regnandum
941 1288 1081 1346 admissus
1106 1289 1153 1357 sit,
1186 1287 1253 1358 quia
1271 1285 1339 1343 huie

211 1387 323 1444 muneri
348 1391 447 1445 tenera
472 1391 553 1444 aetas
579 1385 642 1444 eius
667 1385 782 1443 obstare
807 1388 930 1456 poterat.
972 1383 1097 1454 Deinde,
1129 1383 1205 1457 quod
1223 1382 1338 1456 gravius

211 1487 265 1549 est,
288 1481 395 1542 Suidae
408 1483 506 1542 verbis
526 1481 670 1540 sententia
689 1481 741 1540 illa
761 1497 819 1539 uon
838 1480 990 1553 probatur:
1013 1498 1050 1539 ea
1070 1481 1224 1540 enimcum
1243 1497 1261 1537 e
1280 1495 1339 1536 me·

210 1581 303 1638 moria
323 1581 495 1652 optimorum
516 1580 645 1638 codicum
665 1579 708 1636 ita
728 1578 764 1637 dc
785 1577 962 1636 Callimacho
982 1583 1112 1637 narrent:
1135 1575 1181 1636 καί
1200 1575 1338 1653 παρέτεινε

211 1675 293 1755 μέχρι
313 1678 360 1734 τοῦ
375 1673 527 1754 Εὐεργέτου
542 1675 691 1752 κληθέντος
704 1672 884 1749 Πτολεμαίου,
906 1672 1073 1749 ὀλυμπιάδος
1094 1674 1124 1732 δὲ
1139 1671 1202 1753 pai,
1223 1673 1257 1750 ἧς
1270 1673 1340 1733 κατὰ

209 1773 240 1832 τὸ
262 1771 389 1850 δεύτερον
410 1773 469 1836 ἔτος
495 1771 510 1829 ὁ
531 1769 683 1849 Εὐεργέτης
703 1769 872 1846 Πτολεμαῖος
891 1769 990 1848 ἤρξατο
1011 1774 1059 1848 τῆς
1080 1770 1220 1847 βασιλείας,
1242 1774 1339 1828 tantos

211 1871 361 1943 scrupulos
380 1869 451 1928 viris
471 1868 563 1928 doctis
583 1869 645 1927 iure
665 1868 838 1939 iniecerunt,
864 1872 897 1925 nt
916 1885 942 1926 e.
964 1884 987 1925 o.
1010 1867 1181 1944 Linokens¹)
1205 1869 1338 1926 lacunam

210 1971 278 2024 ante
300 1965 398 2041 ὀλυμπ.
421 1969 574 2035 statueret,
595 1961 754 2023 Meiuekius
774 1963 846 2023 Call.
868 1963 911 2022 ed.
933 1982 960 2038 p.
982 1964 1038 2022 XV
1058 1967 1148 2024 verba
1168 1964 1267 2040 ὀλυμπ.
1299 1997 1337 2007 -

211 2061 344 2139 βασιλείας
377 2062 507 2135 imperiti
537 2061 753 2134 interpolatoris
783 2060 1009 2119 additamentum
1040 2077 1102 2120 esse
1133 2063 1337 2135 suspicaretur,
1436 2098 1439 2102 ι

210 2159 263 2217 alii
277 2160 356 2218 uelut
369 2157 576 2230 Bernhardyus
589 2157 620 2215 iu
634 2157 714 2228 edit,
727 2157 877 2216 Heoherus
891 2161 1041 2219 comment.
1063 2158 1216 2234 Callimp.
1234 2161 1269 2217 17
1285 2176 1336 2231 sq,

209 2256 370 2314 Merkelius
393 2255 489 2329 Apoll.
504 2255 595 2314 Rhod.
619 2254 726 2330 (1854)
746 2272 774 2329 p.
789 2256 836 2314 XI
849 2256 912 2329 ipsa
931 2255 1020 2314 verba
1039 2255 1142 2316 vitium
1161 2258 1338 2317 contraxisse

209 2359 361 2425 putarent,
395 2369 516 2425 qnorum
537 2353 585 2411 hio
605 2352 729 2412 numeris
750 2349 805 2431 ρκζ
830 2353 914 2410 nimis
938 2353 1046 2412 incerte
1067 2356 1184 2414 mutatis
1205 2355 1337 2427 intellegi

208 2452 324 2511 volebat
356 2450 547 2525 olympiadem
580 2453 649 2519 1333
682 2449 833 2526 Conatus2)
866 2449 986 2523 denique
1011 2451 1094 2517 solos
1118 2468 1250 2512 numeros
1274 2453 1336 2525 ipse

209 2565 320 2619 quoque
342 2549 475 2607 confusos
496 2565 558 2607 esse
576 2547 722 2607 iudicauit.
764 2546 861 2622 Quare
881 2548 936 2605 nisi
957 2548 1022 2607 aliis
1037 2549 1172 2608 subsidiis
1192 2551 1239 2609 hio
1258 2551 1338 2608 locus

209 2650 262 2703 aut
282 2644 467 2718 incorruptus
487 2644 731 2704 demonstrabitur
756 2649 806 2703 aut
826 2649 905 2729 recte
926 2644 1132 2717 emendabitur,
1160 2664 1217 2705 nou
1237 2646 1339 2704 licebit

209 2758 243 2800 eo
264 2743 306 2800 ut'
329 2742 493 2801 testimonio
520 2740 568 2817 (cl.
589 2741 731 2815 Droysen.
757 2758 785 2815 p.
809 2742 866 2800 275
887 2741 953 2801 adn.
977 2741 1016 2817 1).
1056 2740 1177 2801 Omnino
1198 2743 1248 2814 qui
1267 2741 1339 2815 legit

208 2838 298 2898 verba
318 2838 458 2917 παρέτεινε
484 2838 565 2917 μέχρι
589 2840 637 2897 τοῦ
665 2836 832 2915 Εὐεργέτου,
863 2838 893 2896 in
917 2843 1042 2897 mentem
1065 2840 1211 2899 revocabit
1231 2855 1288 2897 non
1308 2838 1337 2896 id

208 2941 335 3009 tempus,
367 2953 423 3009 quo
449 2936 500 2995 ille
525 2952 674 2995 successor
697 2936 781 3009 regni
801 2936 979 3008 designatus,
1012 2936 1062 2993 sed
1082 2952 1137 3007 quo
1158 2939 1222 3009 post
1244 2936 1337 3009 patris

207 3038 330 3094 mortem
351 3050 402 3092 rex
415 3031 549 3108 Aegypti
569 3035 663 3092 factus
681 3038 740 3097 esta
761 3049 854 3105 neque
874 3032 950 3091 euim
969 3049 1016 3092 res
1036 3032 1131 3091 solent
1149 3036 1193 3093 ita
1212 3034 1334 3104 narrari,

207 3134 240 3187 ut
265 3130 302 3188 ad
327 3130 498 3189 firmandum
518 3129 689 3189 Callimachi
719 3131 809 3188 vitam
839 3146 929 3201 usque
954 3129 991 3187 ad
1016 3134 1147 3203 tempora
1171 3130 1337 3203 Euergetae

207 3227 377 3299 productam
398 3244 460 3287 esse
486 3228 648 3287 nominetur
669 3228 810 3301 olympias
832 3228 903 3297 127,
930 3228 961 3299 2,
988 3243 1007 3284 a
1028 3242 1082 3300 quo
1103 3232 1235 3309 tempore
1252 3231 1335 3300 pater

208 3323 416 3397 Philadelphus
436 3341 489 3397 per
503 3325 627 3397 quinque
642 3329 671 3384 et
684 3324 789 3397 viginti
803 3340 892 3383 anuos
905 3340 1023 3397 regnum
1041 3325 1149 3397 tenuit;
1170 3324 1335 3383 firmaretur

207 3420 302 3491 potius
323 3420 420 3479 addito
436 3437 481 3480 ¹co
501 3437 589 3491 anuo,
621 3436 676 3492 quo
698 3420 877 3479 Ptolemaeus
897 3420 948 3478 ΠΙ
972 3425 1056 3493 patre
1076 3427 1191 3479 mortuo
1216 3436 1336 3494 regnum

206 3517 273 3576 iniit
303 3516 428 3593 (24716),
459 3518 496 3576 ad
521 3518 597 3589 quod
622 3523 734 3591 tempus
758 3519 849 3577 verba
868 3516 975 3576 Suidae
999 3515 1099 3594 ἤρξατο
1124 3521 1174 3595 τῆς
1198 3514 1358 3594 βασιλείας·

206 3615 340 3673 videntur
359 3616 460 3674 melius
480 3615 630 3687 quadrare.

286 3712 388 3785 Itaque
408 3728 472 3771 oum
492 3728 517 3770 a.
540 3714 594 3770 271
619 3712 734 3785 nuptias
754 3710 894 3771 Arsinoae
918 3712 1006 3771 fuisse
1031 3712 1124 3771 adhuc
1149 3702 1336 3770 certamnen

209 3809 256 3881 sit,
268 3807 317 3867 rr.
330 3808 517 3883 Koeppius³),
532 3810 581 3881 qui
596 3814 627 3868 et
639 3810 699 3881 ipse
710 3808 909 3867 Wiedemanni
921 3808 1172 3868 ratiocinationem
1186 3807 1338 3866 addubitat

279 3960 298 4027 1)
317 3957 376 4027 „De
396 3956 503 4014 Gallim.
521 3958 578 4013 uita
597 3960 626 4013 et
643 3958 780 4029 scriptio“‚
799 3958 865 4014 diss.
883 3957 946 4013 Hal.
967 3958 1044 4027 1862,
1062 3974 1090 4027 p.
1108 3957 1134 4012 5.
1151 3988 1185 3997 -
1228 3986 1230 3988 ·

278 4046 299 4115 ²)
321 4045 377 4114 „La
403 4044 499 4117 poesie
526 4045 706 4101 alexandrine
733 4062 799 4101 sous
826 4043 867 4100 les
894 4046 963 4101 trois
991 4045 1125 4115 premiere
1152 4042 1335 4113 Ptolemees,“

158 4158 159 4161 ¹
206 4131 294 4189 Paria.
315 4135 392 4204 1882,
409 4153 437 4206 p.
455 4136 551 4191 42.-

277 4222 300 4294 ⁸)
318 4222 388 4279 Mus.
406 4222 484 4277 rhen.
503 4224 545 4290 39,
567 4224 643 4291 1884,
662 4239 688 4292 p.
708 4223 759 4277 209
778 4238 840 4292 sqq.
859 4251 892 4260 -
