3217 4950
686 534 904 596 „28-

222 723 362 797 prooemii
382 725 444 782 looo
460 723 587 796 praelusi
601 741 664 782 esse
679 729 807 796 possunt,
829 724 880 781 sed
894 741 948 780 vss.
968 723 1054 790 1—8,
1069 723 1095 780 si
1108 723 1225 793 quidem
1239 721 1354 780 omnino

222 821 370 879 exordium
391 837 519 878 seorsum
541 821 664 892 positum
686 827 717 879 et
737 837 754 878 a
776 821 960 892 sequentibus
981 821 1065 892 plane
1087 824 1271 891 segregatum
1296 824 1352 878 sta·

222 917 322 975 tnitur.
365 916 422 976 Sed
443 918 477 976 de
504 918 558 975 hac
584 935 616 976 re
636 924 704 976 utut
724 918 949 990 disceptabitur,
976 917 1088 975 etiamsi
1108 935 1145 974 ne
1166 915 1355 974 Theocritum

221 1014 335 1085 quidem
351 1015 415 1086 quis
435 1021 520 1086 putat
534 1015 668 1072 similiter
689 1021 774 1087 atque
790 1013 996 1073 Callimachum
1010 1014 1159 1072 exordium
1180 1013 1354 1083 distinxisse,

221 1111 301 1168 velut
321 1111 352 1168 iu
373 1128 397 1169 c.
412 1111 485 1168 XVI
507 1127 620 1183 quoque
636 1117 701 1184 post
715 1111 865 1170 exordium
880 1111 987 1185 (1-4)
1008 1116 1073 1168 arte
1087 1127 1187 1168 versus
1201 1114 1354 1180 sequentes

222 1208 354 1266 adiunxit
374 1207 418 1282 (δι
446 1207 485 1272 τίς
505 1207 555 1286 γὰρ
578 1252 584 1267 .
608 1252 614 1264 .
640 1208 673 1282 .),
704 1209 736 1266 id
766 1213 855 1266 antea
886 1207 1128 1266 demonstravisse
1159 1206 1229 1264 mihi
1254 1205 1355 1264 videor

221 1305 341 1362 multum
371 1305 402 1361 in
434 1304 560 1362 exordiis
586 1305 735 1377 utriusque
762 1303 897 1362 carminis
921 1304 997 1362 inter
1023 1320 1054 1361 se
1075 1303 1240 1375 discrepare
1261 1300 1353 1360 Calli·

222 1402 352 1459 machum
374 1406 404 1458 et
418 1402 616 1459 Theocritum:
639 1402 689 1460 ille
711 1402 843 1458 dicturus
864 1404 910 1459 est
928 1400 1028 1458 Iovem
1044 1417 1164 1471 eumque
1184 1401 1214 1457 in
1227 1399 1355 1457 Arcadia

221 1504 333 1564 natum;
366 1498 413 1556 hic
434 1497 632 1556 Ptolemaeum
659 1498 859 1556 celebraturus
885 1497 960 1555 unde
983 1497 1013 1553 iu
1034 1502 1080 1554 tot
1105 1497 1192 1554 rebus
1212 1496 1353 1553 memoria

147 1669 149 1675 ρ
222 1595 314 1667 dignis
335 1595 482 1652 exordium
505 1593 595 1653 faciat
616 1601 765 1667 poetarum
788 1594 872 1652 modo
893 1594 1069 1652 nescientem
1089 1609 1120 1651 se
1140 1593 1232 1664 fingit.

301 1691 494 1750 Callimachus
521 1692 624 1750 deinde
645 1692 741 1750 verbis
762 1690 790 1748 ἐν
813 1690 844 1748 δέ
869 1712 899 1748 σε
921 1687 1060 1766 Παρρασίῃ
1078 1687 1155 1764 Ῥείη
1176 1688 1254 1747 τέκεν
1276 1688 1288 1760 (
1310 1688 1351 1762 0).

220 1793 253 1846 ut
274 1804 360 1861 supra
380 1789 515 1861 vidimus,
543 1794 643 1847 natum
664 1789 742 1848 Iovis
763 1789 880 1858 eiusque
901 1786 1060 1859 primordia
1080 1786 1226 1857 explicare
1250 1785 1356 1856 incipit

221 1885 385 1956 doctiloque
411 1887 504 1957 magis
530 1901 615 1956 quam
636 1885 756 1957 poetice.
799 1885 866 1943 Dea
886 1885 992 1956 igitur,
1018 1887 1171 1956 postquam
1191 1881 1281 1938 filium
1303 1898 1353 1953 pe·

220 1983 296 2054 perit
310 1981 450 2057 (μεγάλων
472 1981 631 2058 ἀπεθήκατο
647 1981 756 2040 κόλπων
777 1999 819 2040 vs.
838 1983 886 2053 153
909 1979 944 2039 ci.
960 1981 987 2049 3,
1000 1979 1061 2053 25),
1082 1995 1187 2049 aquam
1201 1978 1351 2049 quaesivit,

222 2075 247 2155 ᾧ
267 2101 299 2138 κε
320 2078 410 2137 τόκοιο
435 2077 540 2153 λύματα
561 2077 732 2156 χυτλώσαιτο
755 2078 808 2153 (16
824 2077 897 2152 sq);
918 2076 968 2135 sed
981 2077 1049 2147 quia
1067 2073 1185 2153 ἄβροχος
1205 2082 1271 2133 erat
1288 2080 1354 2132 ‘tota

219 2175 361 2245 Arcadia,
387 2174 466 2232 fluvii
486 2176 632 2247 procreati
652 2181 720 2233 suut
733 2175 832 2232 Rheae
846 2175 974 2245 numine,
996 2190 1070 2244 quae
1091 2178 1157 2245 post
1178 2173 1351 2245 descriptio·

219 2288 284 2330 nem
304 2271 450 2330 fluminum
472 2277 502 2330 et
522 2277 655 2330 notorum
676 2276 707 2330 et
726 2287 783 2328 uon
804 2280 938 2329 notorum
959 2287 977 2327 a
998 2275 1085 2342 poeta
1105 2269 1225 2342 fingitur
1244 2269 1351 2327 insulse

218 2369 374 2440 adloquens
388 2373 524 2426 montem:
547 2371 607 2443 γαῖα
629 2365 693 2445 φίλη
715 2367 778 2426 τέκε
799 2366 845 2426 καὶ
859 2365 900 2424 οό’
922 2365 981 2424 τεαὶ
995 2365 1017 2423 δ’
1034 2367 1127 2429 ὠδῖνες
1148 2363 1264 2442 ἐλαφραί
1275 2366 1351 2440 (29).

218 2465 292 2523 Tum
314 2482 387 2537 aqua
408 2466 523 2539 copiose
545 2465 651 2525 fluente
671 2469 766 2523 mater
783 2464 862 2523 Iovis
882 2462 954 2543 χρόα
974 2462 1139 2541 μοιδρόνοοο
1160 2497 1197 2505 -
1220 2462 1351 2540 οπείρωοε

218 2562 269 2638 (32
291 2580 347 2633 sq.;
375 2563 456 2621 velut
476 2564 539 2635 ipsa
558 2563 651 2620 Delus
671 2562 764 2620 insula
783 2560 953 2635 Apollinem
980 2560 1060 2619 λοῦοὲ
1079 2582 1110 2619 τε
1136 2560 1181 2620 καὶ
1202 2560 1348 2637 postpones:

219 2660 247 2729 4,
271 2660 313 2734 6).
355 2658 418 2731 Quo
440 2657 515 2717 facto
530 2659 667 2731 puerulus
688 2664 722 2717 ut
741 2660 771 2716 in
787 2658 902 2717 Cretam
918 2653 1089 2724 deferretur,
1111 2658 1211 2716 Nedae
1225 2657 1350 2715 traditus

218 2762 274 2814 est:
297 2754 467 2832 πρεσβυτάτῃ
483 2755 610 2832 νυμφέων
632 2755 662 2813 αἵ
681 2778 724 2831 μιν
745 2754 807 2814 τότε
827 2754 990 2830 μαιώσαντο,
1012 2754 1150 2831 πρωτίστρ
1164 2758 1258 2831 γενεὴν
1280 2753 1350 2829 μετά

217 2874 247 2926 γε
269 2850 357 2927 Στύγα
377 2874 407 2909 τε
429 2850 548 2929 Φιλύρην
569 2874 599 2911 τε
621 2852 672 2928 (35
695 2852 764 2925 sq.);
793 2853 835 2910 sic
855 2852 932 2909 enim
957 2869 1022 2911 cum
1042 2852 1190 2909 Meinekio
1211 2852 1348 2919 scribam:

218 2965 317 3007 aarum
348 2950 551 3022 nympharum,
584 2965 658 3021 quae
690 2950 878 3008 obstetricum
908 2965 1027 3007 munere
1057 2949 1088 3006 in
1108 2949 1178 3007 Iove
1208 2949 1349 3021 pariendo

216 3046 418 3119 fungebantur,
440 3050 511 3103 natu
525 3047 650 3111 maxima
671 3051 747 3116 erat,
767 3046 868 3104 eadem
883 3053 949 3104 erat
968 3049 1066 3103 aetate
1080 3046 1181 3117 tertia,
1204 3046 1230 3103 si
1251 3063 1350 3104 omnes

217 3144 359 3216 nymphae
379 3144 580 3217 respiciuntur.
624 3145 715 3215 Quam
735 3143 917 3215 sententiam,
940 3144 1070 3215 quamvis
1090 3143 1199 3215 frigida
1219 3144 1270 3205 sit.
1293 3158 1348 3214 ego

216 3256 273 3299 non
304 3241 402 3299 dubito
429 3238 606 3299 Callimacho
638 3240 810 3310 concedere,
841 3241 891 3311 qui
916 3241 946 3299 in
977 3256 1087 3299 summa
1118 3237 1348 3319 βραχοοολλοβίμ,

216 3353 301 3407 qnam
322 3337 384 3409 ipse
405 3336 554 3409 praedicat
575 3336 689 3409 (Epigr.
712 3339 740 3409 8,
764 3340 781 3395 6
803 3336 839 3395 de
861 3337 1007 3412 Wilam.)‚
1039 3354 1251 3410 nonnumquam
1271 3337 1349 3395 haud

216 3433 297 3490 abest
322 3449 339 3489 a
365 3433 528 3505 tautologia
554 3432 605 3507 (cl.
628 3433 715 3491 Mein.
738 3432 812 3492 Call.
838 3452 866 3507 p.
889 3434 957 3493 256.
982 3434 1061 3510 129).
1104 3434 1179 3516 Nam
1210 3432 1286 3505 quod
1312 3433 1348 3491 de

215 3529 462 3602 Wilamowitzius,
485 3530 735 3598 indoctissimus,
757 3529 963 3589 Schneiderum
984 3536 1101 3589 secutus
1121 3531 1209 3589 verba
1229 3531 1348 3606 πρεσβυ-

215 3624 283 3702 τάτῃ
310 3626 436 3703 νυμφέων
467 3628 615 3700 coniungit
646 3644 709 3686 cum
742 3625 812 3701 μετά
833 3648 863 3701 γε
884 3626 973 3701 Στύγα
1003 3648 1034 3685 τε
1055 3625 1176 3704 Φιλύρην
1201 3648 1232 3684 τε
1260 3632 1348 3697 atque

215 3707 288 3793 quae
309 3722 481 3795 interposita
495 3729 562 3781 sunt
582 3722 613 3780 αἵ
624 3744 668 3798 μιν
689 3722 751 3782 τότε
773 3723 927 3799 μαιώσαντο
942 3722 1079 3801 πρωτίστη
1100 3723 1180 3799 γενεή
1194 3724 1235 3781 sic
1255 3723 1347 3795 scrip-

216 3819 255 3877 sit
275 3819 457 3891 parenthesis
477 3819 555 3888 loco‚
587 3835 702 3890 vereor,
728 3837 764 3879 ne
785 3822 841 3879 hac
861 3822 975 3880 ratione
994 3838 1052 3878 non
1073 3820 1249 3891 emendetur,
1272 3819 1347 3889 quod

214 3921 301 3988 poeta
311 3914 374 3987 ipse
385 3916 529 3987 peccavit:
552 3931 628 3973 nunc
642 3916 718 3974 enim
729 3933 783 3989 pro
797 3917 962 3989 tautologia
971 3917 1002 3973 in
1013 3917 1107 3976 verbis
1118 3916 1149 3975 od
1160 3938 1204 3992 μιν
1217 3949 1255 3958 -
1266 3915 1346 3991 γενεή

215 4017 376 4071 structurae
409 4011 527 4070 durities
559 4012 686 4071 exoritur
716 4029 808 4087 paene
839 4014 995 4073 molestior.
1003 4014 1026 4088 ¹)
1058 4046 1095 4056 -
1128 4012 1227 4072 iulans
1258 4013 1348 4085 igitur

213 4120 426 4129 ——---—-

285 4162 307 4229 ¹)
317 4160 408 4216 Reioit
416 4160 488 4215 hanc
497 4134 758 4230 interpretationem
763 4161 889 4217 Hillerua
899 4178 1021 4234 quoque:
1033 4161 1346 4218 DeutscheLitteratur-

214 4249 276 4305 zeit.
297 4251 364 4305 issa
383 4265 425 4303 nr.
447 4252 487 4304 14.
511 4278 545 4288 -
