3217 4950
722 545 941 607 ..47-

263 741 358 795 autern
380 736 554 795 Theocritus
585 734 739 807 proverbio
771 735 864 791 utitur
895 733 950 790 sic:
984 730 1074 808 ἄμμες
1099 730 1120 789 δ’
1142 729 1205 789 οὔτε
1232 730 1303 804 λόγω
1324 729 1394 792 τινὸς

265 831 331 899 ἄξιοι
346 831 401 892 οὐδ’
417 830 571 910 ἀριθμητοί,
587 829 711 906 δύστηνοι
725 827 870 906 Μεγαρῆες
884 827 1034 905 ἀτιμοτάτῃ
1049 827 1088 886 ἑνὶ
1101 827 1185 906 μοίρῃ
1198 828 1260 901 (14,
1275 827 1313 884 48
1328 826 1393 899 sip).

264 931 320 989 Vel
340 930 415 1002 quod
436 929 634 1002 Polyphemus
655 927 843 985 Theocriteus
867 929 912 995 ll,
935 927 1121 997 reloquitur
1145 925 1171 983 τί
1194 925 1240 983 τὸν
1262 923 1394 1001 φεύγοντα

264 1027 370 1090 διώκεις
389 1025 483 1085 forma
507 1041 575 1082 usus
595 1023 766 1093 masculina,
799 1023 855 1080 etsi
876 1023 964 1080 verba
984 1022 1030 1079 τὸν
1051 1019 1184 1098 φεύγοντα
1204 1025 1337 1092 spectant
1357 1020 1395 1078 ad

263 1122 432 1194 Galateam,
464 1122 535 1179 haec
560 1137 575 1178 c
596 1119 750 1192 proverbio
772 1125 887 1191 sumpta
913 1135 976 1177 esse
1001 1135 1035 1178 eo
1060 1119 1159 1177 verius
1183 1118 1323 1177 conicitur
1343 1115 1393 1189 (cl.

263 1220 404 1278 Fritzsch.
431 1222 462 1274 et
486 1216 586 1291 Hill.),
619 1233 674 1289 quo
701 1216 824 1275 similius
849 1215 1045 1274 Callimachus
1071 1216 1155 1273 dicit:
1188 1213 1295 1293 χοόμὸτ
1325 1215 1394 1289 ἔρως

262 1314 381 1372 τοιόσδε·
399 1313 434 1372 τὰ
455 1313 504 1388 μὲν
526 1311 659 1391 φεύγοντα
680 1313 788 1371 διώκειν
809 1311 875 1381 οἶδε,
901 1311 936 1371 τὰ
956 1311 979 1370 δ’
995 1312 1023 1369 ἐν
1045 1312 1137 1388 μέσσῳ
1158 1310 1270 1387 κείμενα
1290 1309 1393 1386 παρπέ·

262 1434 339 1470 ταται
361 1411 421 1486 (cp.
442 1413 490 1478 31,
507 1413 523 1468 5
546 1411 614 1485 sq.);
636 1426 703 1468 nam
717 1415 839 1482 propter
858 1409 892 1467 τὰ
906 1409 936 1466 δὲ
955 1411 1079 1481 positum
1101 1415 1146 1467 est
1159 1408 1192 1466 rol
1214 1407 1272 1483 μὲν,
1295 1423 1393 1478 quam·

264 1525 348 1581 quam
369 1526 422 1582 per
440 1525 472 1566 se
492 1507 644 1580 proverbio
666 1507 820 1565 indicando
841 1507 943 1565 melius
963 1506 1161 1565 inservivisset
1177 1491 1211 1562 ¹rh
1233 1504 1292 1580 μὲν.

343 1606 417 1663 Tum
448 1605 567 1664 caedem
598 1604 674 1676 apud
702 1609 854 1674 utrumque
879 1604 1016 1674 leguntur
1041 1602 1282 1674 comparationes:
1315 1602 1395 1660 velut

265 1703 357 1760 Delus
378 1702 473 1760 insula
492 1700 548 1770 vel,
571 1705 604 1759 ut
624 1701 719 1773 prisco
741 1701 856 1757 nomine
874 1699 1083 1773 appellabatur,
1101 1691 1229 1775 Ἀστερίη
1243 1696 1395 1770 fingitura

264 1797 442 1856 Callimacho
464 1796 613 1874 οὐρανόθεν
634 1795 769 1874 φεύγουσα
786 1796 849 1860 Διὸς
869 1795 957 1872 γάμον
978 1794 1067 1872 ἀστέρι
1088 1795 1131 1871 ἴση
1152 1796 1193 1870 (4,
1217 1797 1280 1868 38);
1302 1795 1394 1869 Hylas

263 1900 358 1953 autem
388 1895 419 1952 in
450 1896 560 1952 fontem
588 1893 691 1952 incidit
715 1894 754 1957 c<
782 1893 829 1950 ὅτε
854 1893 954 1969 πυρσὸς
980 1890 1022 1949 ἀπ’
1049 1891 1166 1969 οὐρανοῦ
1190 1889 1284 1968 ἤριπεν
1309 1890 1393 1966 ἀστὴρ

263 1990 364 2068 ἀθρόος
377 1989 406 2050 ἐν
420 1990 511 2067 πόντῳ
526 1994 583 2050 κτλ.
601 1992 662 2066 (13,
679 1993 717 2050 50
732 1991 798 2065 τα),
814 2005 871 2060 quo
884 1992 948 2049 loco
962 1990 1133 2048 Theocritus
1147 1988 1191 2047 rei
1204 1988 1393 2047 illustrandae

264 2104 350 2144 cause
370 2088 455 2160 plura
475 2087 613 2146 adnectit.
658 2086 883 2159 Comparatione
908 2086 1039 2144 ostride
1061 2087 1141 2144 coelo
1167 2086 1280 2159 delapsi
1300 2086 1395 2143 utitur

263 2185 349 2241 ctiam
380 2183 550 2256 Apollonius
580 2183 711 2243 Rhodius
744 2185 775 2255 3,
809 2185 885 2241 1376
918 2199 978 2253 sqq.
1030 2182 1086 2241 Vol
1117 2182 1154 2240 dc
1186 2182 1394 2255 Erysichthone

262 2280 338 2338 ieme
364 2282 500 2338 continua
524 2287 630 2340 vexato
654 2281 790 2352 legimus:
824 2280 863 2343 ὡς
884 2279 915 2337 δὲ
936 2277 1053 2354 Μίμαντι
1078 2278 1162 2357 χιών,
1190 2279 1228 2342 ὡς
1253 2277 1336 2354 ἀελίῳ
1357 2281 1395 2336 ἔνι

264 2375 401 2450 πλαγγών,
424 2375 594 2436 καὶτούτων
616 2379 654 2436 ἔτι
675 2380 765 2452 μεῖζον
787 2375 901 2435 irrisero
923 2376 1009 2452 (Call.
1031 2380 1059 2441 6,
1074 2377 1112 2435 92
1127 2378 1196 2447 sq.);
1219 2381 1249 2434 et
1261 2376 1395 2448 Daphnis

263 2490 357 2532 amore
368 2473 498 2546 perditus
511 2473 580 2553 χιὼν
595 2473 633 2538 ὥς
647 2497 685 2538 τις
699 2473 865 2535 accerrimo
880 2473 985 2551 μακρὸν
997 2471 1039 2551 ὑφ’
1052 2471 1138 2550 Αἷμον
1148 2470 1254 2550 ἢἊθω
1269 2469 1394 2549 ἢῬοδό-

263 2592 315 2627 παν
329 2568 347 2647 ἦ
362 2568 509 2630 Καύκασον
524 2570 698 2650 ἐσχατόωντα
714 2570 851 2646 (Theocr.
868 2572 895 2640 7,
911 2572 949 2629 76
964 2572 1029 2645 sq.).
1060 2572 1102 2630 Ut
1122 2571 1168 2628 hic
1182 2571 1211 2627 in
1225 2569 1281 2627 linc
1295 2585 1395 2627 versus

263 2666 436 2753 Theocritus
456 2668 552 2740 posuit
577 2667 766 2745 ἐσχατόωντα,
800 2668 843 2724 ita
863 2668 964 2725 eadem
995 2667 1087 2723 forma
1111 2683 1179 2725 usus
1201 2666 1394 2726 Callimachus

263 2764 392 2835 scripsit:
414 2761 527 2839 Τιτῆνες
547 2757 594 2840 ἄρ’
613 2763 728 2842 ἑσπέραν
743 2762 933 2842 ἐσχατόωντος
954 2762 997 2837 (4,
1016 2763 1085 2825 174τ
1107 2762 1143 2820 ci.
1160 2762 1197 2819 ad
1212 2764 1287 2821 hunc
1299 2764 1395 2821 locum

263 2861 351 2918 Mein.
374 2866 404 2917 et
424 2860 571 2923 Schneid.;
599 2860 636 2917 ad
655 2861 777 2918 Theocr.
799 2860 818 2918 l.
838 2861 857 2917 l.
877 2859 1025 2930 Abusus).
1067 2860 1102 2917 In
1125 2860 1180 2917 hac
1203 2868 1298 2918 autern
1319 2861 1394 2919 nivis

264 2956 478 3028 comparatione
493 2957 620 3029 praeivit
639 2957 698 3013 iam
711 2956 797 3015 Hom.
814 2978 830 3013 τ
844 2958 902 3016 205
916 2973 988 3028 sqq,
1011 2971 1093 3026 quem
1108 2956 1203 3015 locum
1217 2956 1394 3015 Fritzschius

266 3052 374 3111 laudat.

345 3148 429 3206 Alius
449 3150 565 3220 generis
580 3149 780 3207 similitudines
799 3149 855 3207 hae
869 3154 947 3206 sunt:
969 3148 1165 3206 Callimachus
1185 3166 1249 3206 cum
1267 3151 1394 3222 exponit,

267 3249 375 3315 quanto
397 3261 493 3303 amore
514 3260 585 3317 prae
606 3232 710 3304 ceteris
730 3246 864 3318 nymphis
884 3251 1006 3303 matrem
1026 3246 1157 3305 Tiresiae
1177 3247 1244 3304 olim
1263 3247 1395 3304 Minerva

265 3342 397 3413 amplexa
417 3343 468 3409 sit,
491 3343 576 3401 dicit:
602 3342 648 3401 acl
669 3339 775 3401 οὔτοκα
796 3342 881 3420 χωρὶς
901 3344 992 3417 ἔγεντο
1015 3345 1055 3415 (5,
1072 3343 1139 3418 59);
1171 3349 1202 3400 ct
1222 3343 1394 3401 Theocritus

266 3438 302 3495 de
323 3439 447 3497 Hercule
468 3438 577 3511 Hylam
598 3445 713 3497 amante
735 3439 864 3512 scripsit:
896 3438 980 3517 χωρὶς
1006 3437 1029 3497 δ’
1051 3436 1174 3499 οὐδέποτ’
1196 3438 1230 3516 ἧς
1250 3439 1314 3515 (13,
1332 3440 1392 3513 10),

265 3533 375 3593 Tamen
396 3537 525 3606 quamvis
539 3536 646 3594 similia
659 3538 736 3594 inter
756 3554 787 3594 se
800 3537 872 3594 haec
886 3539 977 3595 verba
996 3536 1157 3608 videantur,
1179 3555 1265 3609 quam
1279 3537 1393 3596 divorso

264 3636 384 3700 uterque
404 3639 492 3704 poeta
512 3633 625 3705 ingenio
647 3633 750 3704 fuerit,
778 3650 815 3691 ex
835 3634 880 3691 his
906 3634 978 3691 locis
999 3634 1131 3704 dignosci
1155 3640 1259 3705 potest.
1302 3635 1394 3693 Calli·

264 3727 380 3785 machus
412 3729 488 3785 enim
519 3744 618 3787 vocem
653 3726 758 3788 οὔτοκα
791 3730 986 3788 affirmaturos
1021 3747 1074 3802 per
1104 3732 1266 3802 complures
1296 3748 1394 3789 versus

213 3864 222 3877 .
266 3823 412 3898 (cc-64)
435 3826 518 3883 docte
539 3830 573 3882 ut
593 3825 667 3883 solet
687 3842 787 3884 aarum
808 3826 921 3883 urbium
941 3825 1057 3883 nomina
1077 3832 1240 3897 enumerat,
1266 3827 1303 3887 ad
1324 3845 1394 3900 quas

263 3926 347 3979 vecta
366 3921 497 3985 πολλάκις
516 3921 533 3978 ἁ
554 3919 658 3996 δαίμων
679 3944 717 3980 νιν
738 3922 776 3979 ἐῶ
797 3921 949 3999 ἐπεβήσατο
970 3922 1056 3999 δίφροι
1078 3922 1154 3998 (65).
1182 3924 1277 3983 Aliter
1297 3932 1394 3984 autem

266 4017 437 4077 Theocritus
468 4034 548 4077 suum
575 4019 746 4076 vocabulum
772 4018 910 4079 cccccccccc
937 4020 973 4079 de
992 4022 1170 4092 temporibus
1194 4022 1239 4079 ita
1259 4022 1393 4093 explicat,

263 4118 298 4170 'ut
317 4114 509 4187 mythologiac
529 4116 615 4174 rebus
636 4131 699 4173 cum
714 4116 776 4174 vita
790 4116 936 4174 cotidiana
956 4117 1114 4175 coniunctis
1135 4116 1254 4191 (Couat.
1275 4134 1303 4190 p.
1319 4118 1393 4193 435)

267 4209 345 4267 dicat
365 4211 520 4271 Herculem
553 4213 615 4270 sine
634 4211 717 4284 Hyla
746 4213 836 4271 inisse
866 4229 959 4285 neque
989 4218 1062 4285 tum,
1094 4230 1157 4271 cum
1189 4230 1313 4274 summus
1333 4218 1396 4277 dies
