3217 4950
656 491 876 553 ...40-

201 704 243 740 τοι
263 681 309 740 καὶ
329 679 426 755 γνωτοὶ
446 683 519 739 arb:
547 679 653 738 fratres
684 695 856 752 quamquam
883 686 954 738 natu
978 681 1103 739 maiores
1123 687 1221 752 eraut,
1243 681 1335 738 admi·

203 783 311 849 serunt,
333 783 366 836 ut
385 776 595 849 Philadelphus
616 793 737 848 reguum
761 784 934 850 capesseret.

283 874 326 934 At
347 875 396 947 qui
416 874 525 932 factum
546 879 603 946 est,
632 878 664 931 ut
684 875 762 932 Iovis
782 873 903 947 iratres,
937 873 975 932 ad
996 875 1071 931 hunc
1092 874 1168 931 enim
1188 874 1336 945 paulisper

203 972 368 1041 redeamus,
399 976 570 1044 paterentur
596 987 661 1028 eum
683 969 796 1048 οὐρανὸν
818 972 891 1048 ἔχειν
913 968 1056 1028 turtulam
1078 967 1174 1028 claust>
1214 967 1337 1026 Ausus

205 1072 307 1140 sponte
328 1067 415 1126 fratri
434 1068 540 1125 minori
560 1071 674 1125 tantam
698 1067 855 1140 potestatis
875 1067 990 1140 copiam
1015 1069 1240 1124 concesserunt?
1280 1066 1337 1123 Mi·

205 1165 296 1234 nime;
320 1164 371 1222 sed
391 1165 468 1223 Iovis
483 1163 593 1223 virtute
607 1165 709 1236 agnita
722 1180 845 1236 regnum
860 1164 888 1222 ei
903 1163 1061 1222 concedere
1081 1168 1229 1234 tanmuam
1243 1163 1338 1222 coacti

204 1378 235 1414 τε
249 1355 368 1436 Κάρτος,
391 1357 406 1414 ὃ
428 1356 473 1417 καὶ
487 1354 572 1421 πέλας
594 1356 668 1416 eicco
683 1357 777 1435 δίφρου
799 1358 852 1433 (66
867 1358 932 1432 sq).
974 1357 1117 1418 Similiter
1130 1359 1338 1449 Philadelphus

206 1460 328 1527 propter
354 1454 534 1528 praeclaram
565 1460 687 1512 naturae
713 1454 840 1512 indolem
860 1472 913 1513 rex
939 1456 1113 1514 constitutus
1134 1461 1180 1513 cst
1200 1455 1338 1514 fratribus

206 1567 275 1608 sane
295 1551 400 1608 invitis
444 1550 584 1609 Traditur
609 1552 684 1609 enim
709 1555 775 1624 post
796 1552 908 1610 Soteris
933 1557 1056 1609 mortem
1085 1551 1124 1627 (a.
1147 1553 1219 1626 283)
1241 1552 1338 1610 Phila·

206 1646 305 1720 delphi
324 1647 386 1705 uita
406 1649 443 1705 ab
457 1645 576 1720 Argaeo
591 1646 682 1706 fratre
696 1648 790 1720 petita
805 1665 880 1716 csse3
902 1665 958 1719 quo
972 1648 1051 1707 facto
1071 1649 1147 1706 huuc
1162 1665 1224 1706 esse
1245 1649 1338 1706 inter-

205 1743 320 1824 fectum.
363 1741 460 1815 Alius,
483 1745 647 1819 Eurydicae
665 1745 750 1817 filius,
774 1762 837 1804 cum
852 1745 980 1818 Cyprum
999 1747 1123 1804 insulam
1144 1746 1183 1803 ad
1204 1745 1337 1803 deficien-

206 1840 273 1898 dum
294 1841 461 1908 adduceret,
486 1843 549 1913 ipse
570 1858 681 1914 quoque
705 1847 798 1900 morte
819 1843 936 1914 punitus
957 1847 1010 1902 est.
1052 1843 1217 1900 Acerrimas
1242 1846 1337 1899 autem

206 1938 286 2010 regis
306 1938 453 2011 inimicus,
476 1938 639 2011 Ceraunus,
661 1937 845 1998 Alexandria
866 1941 970 1998 relicta
989 1940 1082 1997 multa
1103 1943 1134 1996 et
1154 1939 1232 2011 apud
1251 1939 1337 2010 Lysi-

206 2035 390 2092 machumet
414 2035 491 2108 apud
511 2035 660 2094 Seleucum
687 2035 724 2093 ad
744 2036 967 2108 Philadelphum
991 2053 1010 2092 a
1029 2052 1121 2108 regno
1147 2034 1336 2093 amovendum

207 2130 387 2202 moliebatur,
410 2133 501 2190 donec
522 2149 547 2189 a.
571 2133 630 2190 280
650 2133 680 2190 in
702 2131 855 2192 Gallorum
874 2134 950 2191 bello
970 2138 1094 2191 mortem
1114 2131 1256 2189 occubuit.

286 2225 423 2300 Apparet
443 2229 534 2300 igitur·
554 2230 643 2288 verba
663 2231 704 2305 τῷ
724 2251 765 2286 τοι
778 2228 824 2288 καὶ
841 2227 940 2303 γνωτοὶ
954 2232 1011 2287 κτλ.
1027 2245 1112 2302 posse
1126 2229 1214 2286 etiam
1227 2228 1338 2300 scripta

208 2339 270 2380 esse
291 2329 358 2396 post
377 2341 435 2398 res,
470 2341 540 2396 quas
561 2327 645 2384 modo
665 2326 794 2384 breviter
814 2327 924 2398 monui,
951 2329 970 2385 i.
992 2343 1018 2384 e.
1040 2341 1067 2382 a.
1090 2326 1149 2383 280
1169 2325 1217 2383 vel
1238 2325 1337 2382 statim

208 2424 282 2492 post.
325 2419 390 2479 Etsi
412 2421 489 2480 enim
509 2421 657 2494 nescimus,
680 2422 792 2493 quando
815 2428 846 2481 et
864 2425 994 2495 Argaeus
1013 2421 1134 2481 insidias
1155 2422 1214 2494 regi
1236 2421 1340 2480 feccrit

208 2520 238 2574 et
259 2517 334 2575 alius
355 2518 448 2576 frater
463 2517 553 2591 Cypri
574 2519 745 2577 seditionem
759 2520 891 2590 moverit,
914 2526 1011 2578 tamen
1024 2519 1096 2577 haec
1116 2519 1235 2576 nonita
1249 2519 1338 2576 multo

208 2620 274 2686 post
295 2630 416 2687 regnum
437 2615 658 2688 aPhiladelpho
680 2616 783 2674 initum
803 2616 944 2676 accidisse
958 2616 1116 2675 verisimile
1136 2623 1190 2673 est.
1232 2613 1290 2673 Sed
1304 2614 1339 2671 de

209 2711 311 2766 harum
331 2727 427 2768 rerum
449 2712 628 2783 temporibus
648 2712 785 2783 quidquid
805 2713 952 2784 statuitur,
979 2713 1103 2770 maximo
1124 2712 1228 2769 timore
1249 2726 1338 2781 eoque

207 2822 275 2863 uero
296 2823 347 2863 rex
369 2814 519 2880 exemptus
544 2813 590 2867 est
615 2814 707 2867 morte
729 2809 863 2868 Cerauni.
903 2808 1001 2883 Quare
1029 2826 1085 2866 nou
1115 2808 1177 2865 sine
1207 2807 1339 2865 veritatis

208 2904 305 2974 specie
330 2905 448 2976 ponitur
473 2906 610 2979 hymnum
635 2922 678 2964 ca.
700 2924 724 2964 a.
749 2908 809 2964 280
829 2907 1018 2979 compositum
1044 2922 1114 2964 esse.
1155 2904 1239 2978 Quod
1264 2904 1339 2961 enim

209 2998 276 3057 huic
301 3003 463 3061 sententiae
494 3004 598 3074 aliquis
629 3020 773 3076 opponere
804 3009 902 3077 potest
932 3004 1021 3062 verba
1045 3000 1096 3061 oda
1116 3000 1252 3076 ἐμέγηραν
1282 3016 1340 3057 non

209 3101 289 3153 recte
310 3096 388 3157 dicta
409 3116 472 3158 esse
500 3101 536 3159 de
563 3101 703 3161 iratribus
728 3101 905 3171 interfectis,
936 3102 1069 3171 equidem
1098 3116 1154 3157 nou
1186 3104 1340 3171 tantopere

209 3207 340 3263 premam
362 3202 478 3268 poetam
492 3199 642 3257 nescimus
662 3202 799 3269 qnantum
813 3198 868 3256 hoc
887 3199 950 3256 loco
965 3197 1172 3264 blandientem,
1194 3211 1260 3252 nam
1281 3195 1340 3251 ior·

209 3294 287 3349 tasse
307 3309 364 3350 uon
384 3295 458 3353 falso
481 3295 606 3353 Oouatus
632 3294 671 3369 (p.
693 3295 767 3371 204)
789 3296 877 3353 dixit:
913 3294 1112 3366 ,Gallimaque
1138 3308 1175 3350 ue
1199 3293 1233 3350 fit
1257 3295 1341 3365 peut·

210 3384 272 3445 etre
293 3388 339 3460 qu'
361 3392 507 3463 exprimer
532 3393 561 3449 le
582 3392 738 3451 sentiment
758 3390 890 3464 general,
922 3407 960 3449 en
980 3391 1134 3464 rappelant
1154 3404 1226 3447 avec
1245 3388 1341 3459 eloges

209 3485 237 3541 le
269 3488 403 3545 souvenir
429 3489 465 3546 de
496 3505 544 3547 ces
575 3490 674 3547 tristes
705 3488 860 3547 victoires“
895 3486 947 3561 (ci.
973 3488 1062 3545 etiam
1087 3486 1195 3544 Justin.
1220 3485 1272 3552 18,
1300 3482 1338 3558 2).

212 3583 252 3638 At
273 3587 423 3654 postquam
437 3585 621 3643 Ptolemaeus
641 3585 782 3657 longioris
802 3584 941 3656 temporis
954 3585 1079 3657 spatium
1099 3582 1235 3653 regnavit
1255 3585 1341 3651 atque

211 3680 436 3751 propinquorum
456 3682 578 3741 insidias
598 3688 726 3739 metuere
747 3682 842 3754 desiit,
868 3681 956 3739 verba
975 3682 1016 3757 τῷ
1036 3702 1077 3737 τοι
1098 3677 1144 3737 καὶ
1163 3675 1261 3751 γνωτοὶ
1281 3680 1341 3734 κτλ.

210 3778 277 3846 apte
297 3778 407 3849 scripta
428 3794 491 3835 csse
511 3794 592 3851 nego.
634 3777 703 3848 Quis
724 3778 801 3835 enim
821 3792 878 3834 non
898 3777 996 3847 sentit,
1018 3792 1103 3847 quam
1123 3790 1245 3847 pravum
1265 3777 1342 3830 esset

212 3872 452 3947 blandimentum,
487 3881 664 3947 quantopere
685 3874 884 3933 claudicarent
904 3874 948 3931 illi
968 3890 1081 3942 versus,
1108 3873 1134 3930 si
1154 3871 1225 3928 dicti
1245 3876 1342 3929 essent

211 3984 244 4028 eo
266 3975 410 4043 tempore,
433 3988 488 4042 quo
509 3972 626 4030 omnino
646 3988 704 4029 non
725 3976 821 4042 erant,
847 3970 898 4041 qui
916 3971 963 4027 ius
983 3976 1014 4027 et
1034 3968 1238 4026 auctoritatem
1258 3967 1342 4038 regni

212 4066 370 4126 Ptolemaei
384 4068 634 4141 aggrederentur
665 4067 760 4138 Quare
777 4082 834 4125 uon
849 4066 992 4126 assentior
1004 4064 1157 4137 Hempelio
1173 4062 1215 4137 (p.
1232 4063 1270 4121 88
1285 4062 1341 4137 sq)

211 4166 353 4223 statuenti
373 4166 670 4237 hymnum-scriptum
691 4180 753 4223 esse
774 4165 857 4223 brevi
881 4169 949 4224 ante
968 4163 1086 4238 nuptias
1106 4158 1292 4232 Philadelphi
1313 4164 1343 4216 et
