3217 4950
740 546 930 609 „5-

277 735 435 814 βαστάζοοσι
465 733 625 814 Συρακόσιοι
655 735 724 811 μέσοι
750 736 834 812 δοῦρα
862 768 898 776 -
931 737 959 792 ἐν
985 733 1007 794 δ’
1033 735 1122 801 αὐτοῖς
1149 735 1241 815 Ἱέρων
1273 735 1402 802 ζώννιιται

277 833 431 908 (76-81).
468 833 568 905 Neque
588 834 662 891 enim
676 838 736 891 tum
749 833 871 905 primum
890 837 941 890 aut
954 833 1127 906 Syracusani
1147 837 1283 905 quassant
1302 833 1403 890 hastas

278 935 330 989 aut
342 929 431 989 Hiero
445 929 550 988 bellum
563 934 656 1002 parat,
679 929 729 988 sed
742 929 800 987 iam
818 933 905 988 antea
918 934 1018 988 contra
1030 929 1176 989 Romanos
1189 933 1401 1003 pugnaveraut;

278 1031 308 1086 et
327 1027 357 1085 in
378 1043 475 1085 corum
496 1026 653 1085 amicitiam
671 1031 805 1099 receptus
826 1025 898 1084 nihil
911 1025 972 1085 iere
987 1027 1096 1099 grande
1116 1027 1151 1086 do
1173 1043 1224 1086 suo
1244 1044 1297 1085 rex
1318 1026 1403 1085 moli-

278 1128 360 1180 turus
390 1127 446 1189 est,
478 1121 529 1180 sod
559 1123 630 1180 satis
659 1121 779 1181 habebit
799 1123 942 1181 Romanos
972 1124 1053 1194 sequi
1084 1128 1171 1195 atque
1201 1122 1297 1182 iacere
1328 1139 1402 1194 quae

278 1217 490 1291 imperaverint.

358 1312 391 1372 Si
411 1314 500 1387 igitur
520 1314 657 1374 Belochio
679 1317 916 1389 obtemperamus,
938 1316 1123 1375 Theocritum
1144 1333 1235 1388 neque
1254 1316 1405 1390 prudenti-

279 1427 357 1470 orem
378 1411 523 1470 reddimus
537 1428 628 1483 neque
648 1429 743 1471 rerum
767 1413 947 1485 publicarum
960 1413 1134 1486 peritiorem.
1175 1413 1251 1472 liam
1272 1429 1297 1470 a.
1313 1411 1404 1478 acala

279 1509 310 1565 in
330 1508 454 1565 omnium
473 1524 571 1566 rerum
590 1512 668 1567 statu
688 1513 747 1566 tam
768 1507 884 1568 turbido
903 1509 1000 1582 inepta
1020 1507 1141 1569 Gratias
1161 1527 1229 1569 suas
1248 1509 1403 1580 lineasque

280 1604 505 1664 commendasset
525 1605 647 1664 Hieroni
667 1605 764 1664 multis
784 1607 855 1665 belli
874 1607 999 1678 negotiis
1019 1608 1151 1679 curisque
1174 1610 1323 1679 occupato.

359 1702 453 1774 Quare
475 1718 539 1760 cum
552 1701 598 1760 vir
617 1702 667 1760 ille
689 1702 789 1761 doctus
802 1702 929 1763 Vahleni
948 1709 1121 1776 argumenta
1140 1720 1197 1763 non
1212 1701 1405 1774 redarguerit,

280 1798 341 1872 ipse
371 1803 466 1856 autem
502 1814 603 1857 causas
633 1799 787 1871 protulerit
816 1816 873 1858 non
904 1800 1081 1873 probandas,
1118 1805 1196 1860 certe
1228 1815 1326 1871 nemo,
1359 1799 1405 1856 cui

279 1894 428 1955 Vahlenus
453 1895 512 1953 suis
539 1895 719 1968 argumentis
743 1897 903 1969 persuasit,
932 1897 1064 1956 Belochii
1085 1897 1281 1971 disputatione
1302 1914 1321 1954 a
1340 1911 1406 1954 sen·

278 1992 372 2050 tentia
392 2008 445 2050 sua
465 1991 630 2050 deducetur.
653 2024 690 2034 -

359 2087 486 2146 Transeo
507 2105 581 2146 nunc
608 2089 646 2147 ad
667 2105 779 2148 carmen
800 2090 895 2160 XVII,
927 2089 1001 2162 quod
1025 2090 1191 2150 inscribitur
1212 2089 1347 2165 ἐγκώμιον
1370 2087 1407 2151 εἰς

281 2184 457 2261 Πτολεμαῖον.
499 2183 718 2245 Proficiscamur
739 2203 757 2244 a
776 2204 833 2246 vss.
857 2189 913 2246 128
935 2204 1010 2260 squ:

435 2361 437 2366 ,
479 2298 558 2364 αὐτός
578 2297 599 2358 τ’
621 2298 718 2376 ἰρθίμα
738 2299 759 2358 τ’
782 2298 890 2379 ἄλοχος,
911 2304 959 2364 τᾶς
980 2298 1050 2365 οὔτις
1071 2299 1168 2378 ἀρείων

482 2397 594 2475 νυμφίον
615 2396 643 2455 ἐν
665 2397 802 2476 μεγάροισι
820 2397 887 2472 posi
907 2397 1073 2477 περιβόλλετ’
1094 2397 1210 2476 ἀγοστῷ,

480 2494 512 2555 ἐκ
532 2494 623 2571 θυμοῦ
643 2496 781 2573 στέργοισσι
801 2495 958 2573 κασίγνητόν
978 2519 1009 2555 τε
1030 2496 1104 2555 πόσιν
1124 2518 1164 2555 τε.

282 2608 484 2681 intellegenda
508 2610 597 2683 igitur
627 2615 671 2669 est
700 2610 839 2684 Arsinoe,
874 2610 1034 2670 Ptolemaei
1060 2611 1092 2669 Π
1122 2608 1306 2681 Philadelphi
1336 2624 1409 2665 uxor

282 2708 425 2779 posterior
444 2706 599 2779 eademque
613 2723 694 2766 soror
714 2724 749 2765 ex
763 2707 871 2766 eisdem
890 2708 1059 2781 parentibus
1071 2711 1151 2777 nata,
1173 2723 1257 2779 quam
1277 2722 1330 2763 rex
1342 2709 1408 2777 post

281 2803 406 2876 priorem
437 2803 587 2876 Arsinoen,
619 2804 787 2877 Lysimachi
817 2804 920 2876 liliam,
955 2804 1101 2863 dimissam
1130 2804 1161 2862 in
1191 2802 1407 2862 matrimonium

282 2898 412 2957 duxerat.
454 2899 535 2974 Quae
556 2902 673 2975 nuptiae
698 2918 753 2973 quo
774 2917 848 2961 auno
869 2902 991 2973 fuerint,
1021 2903 1103 2961 varie
1123 2903 1191 2961 hinc
1211 2902 1291 2960 illinc
1312 2901 1408 2974 dispu-

286 3000 379 3053 tatum
400 3012 492 3068 neque
514 2998 607 3056 adhuc
627 3014 745 3071 prorsus
766 3003 845 3056 certo
865 2998 1010 3056 firmatum
1030 3002 1083 3057 est.
1125 2999 1152 3057 J.
1167 2996 1203 3055 G.
1218 2997 1409 3072 Droysenus)

281 3092 403 3165 quidem,
418 3094 464 3151 vir
479 3093 621 3166 egregius,
637 3110 742 3152 annum
756 3093 859 3152 statuit
876 3094 937 3151 fere
952 3094 1018 3152 266.
1051 3095 1095 3152 At
1108 3094 1142 3151 A.
1157 3092 1409 3167 Wiedemannus²)

283 3206 299 3247 c
321 3189 415 3247 sirmis
435 3190 591 3264 Aegyptiis
616 3190 752 3264 probavit
771 3187 918 3249 Arsinoen
943 3191 1001 3248 iam
1026 3207 1053 3251 a.
1075 3190 1135 3248 270
1155 3189 1287 3262 reginam
1311 3190 1408 3247 fuisse.

283 3284 359 3356 Quot
379 3302 446 3345 vero
467 3288 550 3345 annis
571 3292 637 3346 ante
657 3288 775 3360 nuptiae
795 3289 891 3346 factae
912 3288 978 3360 sint,
1000 3304 1036 3345 ne
1056 3304 1131 3346 nunc
1150 3287 1266 3357 quidem
1286 3290 1409 3343 constat.

285 3382 340 3443 Vir
359 3384 436 3442 enim
456 3384 506 3442 ille
527 3384 627 3443 doctus
649 3398 711 3442 cum
731 3384 875 3443 tribueret
896 3401 945 3443 eas
965 3401 1041 3443 anno
1062 3382 1244 3443 antecedenti
1264 3380 1359 3457 (271),
1380 3382 1411 3439 in

263 3480 338 3549 ‚hac
363 3498 395 3539 re
423 3481 464 3539 sic
489 3480 678 3539 ratiocinatus
699 3485 755 3539 est:
788 3498 852 3539 cum
877 3481 980 3541 Suidas
1006 3498 1029 3542 s.
1055 3498 1080 3538 ν.
1108 3478 1288 3557 Καλλίμαχος
1313 3477 1412 3535 tradat

283 3575 479 3635 Ptolemaeum
509 3577 687 3649 Euergeten,
721 3577 906 3651 Philadelphi
936 3583 967 3636 et
998 3575 1143 3637 Arsinoae
1173 3576 1278 3650 prioris
1309 3573 1411 3639 filium.

286 3672 392 3746 olymp.
418 3674 483 3744 127,
499 3674 517 3731 2
532 3674 618 3749 (271)
632 3690 753 3747 regnare
768 3674 895 3747 coepisse
917 3691 1035 3747 cumque
1049 3674 1218 3733 scholiastes
1238 3672 1276 3730 ad
1289 3670 1411 3730 Theocr.

287 3771 333 3839 17,
357 3770 412 3829 128
440 3770 474 3828 de
498 3770 689 3844 Philadelpho
719 3772 792 3831 hacc
817 3771 949 3831 adnotet:
971 3817 979 3832 .
1003 3818 1008 3830 .
1032 3817 1039 3834 .
1062 3816 1069 3830 .
1089 3773 1138 3848 τὴν
1165 3766 1264 3830 οἰκείαν
1292 3766 1412 3843 ἀδελφὴν

281 3862 425 3942 Ἀρσινόην
447 3866 531 3942 ἔγημε
552 3864 597 3925 καὶ
624 3866 806 3943 εἰςειιοιήσατο
828 3864 897 3946 αὐτῇ
917 3868 980 3933 τοὺς
1000 3867 1032 3927 ἐκ
1052 3871 1100 3945 τῆς
1120 3866 1253 3945 προτέρας
1270 3862 1414 3942 Ἀρσινόης

284 3990 496 3999 -——-——-.—--.

358 4050 378 4117 ¹)
398 4046 563 4105 Geschichte
581 4048 630 4105 des
649 4048 836 4105 Hellenismus
855 4050 935 4120 ²111,
956 4054 980 4119 1,
997 4066 1026 4120 p.
1045 4051 1097 4105 268
1115 4048 1178 4104 adn.
1198 4051 1223 4104 3.
1242 4078 1276 4087 -

358 4136 381 4206 ²)
399 4134 468 4192 Mus.
486 4136 565 4192 rhen.
584 4138 627 4205 38,
650 4138 725 4207 1883,
743 4154 770 4207 p.
784 4140 836 4193 384
855 4153 932 4208 sqqrs
948 4137 1020 4206 ,an
1032 4136 1216 4207 chronologia
1234 4134 1284 4190 der
1295 4133 1415 4189 Arsinoe

287 4222 509 4293 Philadelphus.“
531 4252 563 4266 -
