3217 4950
711 555 923 618 ‚35-

255 743 376 801 codices.
418 742 529 800 Tamen
548 744 618 802 haec
639 743 737 820 ἀρετήν
757 766 788 818 γε
809 743 858 818 μὲν
881 743 913 802 ἐκ
934 742 998 807 Διὸς
1018 743 1100 815 alred,
1122 745 1150 802 h.
1166 760 1190 802 c.
1212 745 1388 802 virtutema

254 839 322 898 Iove
343 841 405 911 ipse
426 839 481 898 tibi
502 844 598 912 petas,
626 857 684 898 non
703 857 822 912 prorsus
843 845 913 912 apta
933 840 1003 897 mihi
1024 840 1173 912 videntum
1199 846 1279 899 certe
1301 841 1386 912 paulo

255 937 496 995 accommodatius
518 942 574 1002 est,
597 936 623 994 si
643 943 743 1009 poeta,
766 935 816 1008 qui
835 936 1033 994 Ptolemaeum
1060 938 1202 995 cantando
1223 937 1338 996 ornavit
1359 941 1388 994 et
1455 947 1458 950 ’

255 1033 358 1094 deinde
380 1037 533 1090 ornaturus
553 1037 610 1102 est,
631 1032 662 1089 in
682 1032 739 1090 fine
760 1049 778 1091 a
799 1033 867 1091 Ioue
888 1031 986 1110 ἀρετήν
1007 1034 1069 1105 lpse
1089 1033 1177 1105 petit3
1208 1049 1297 1104 quare
1317 1033 1387 1091 mihi

255 1129 366 1187 arridet
386 1129 562 1199 coniectura,
589 1144 676 1198 quam
696 1126 767 1186 fecit
786 1128 941 1200 Briggsius
966 1129 1004 1186 ab
1025 1129 1167 1186 Ahrensio
1189 1134 1220 1187 et
1239 1129 1387 1188 Meinelrio

255 1224 364 1299 (suppl.
387 1223 452 1282 adn.
474 1241 503 1296 p.
525 1221 598 1297 488)
624 1224 790 1295 probatam:
813 1225 931 1296 scripsit
955 1225 1032 1282 enim
1057 1223 1146 1282 αἰτέω.
1188 1225 1272 1283 Haec
1292 1231 1387 1283 autem

254 1321 342 1377 verba
362 1317 460 1395 ἀρετήν
475 1341 505 1393 γε
526 1318 576 1394 μὲν
591 1318 623 1378 ἐκ
637 1319 701 1384 Διὸς
716 1317 798 1378 αἰτέω
813 1319 988 1379 Kirchhoffii
1002 1320 1134 1380 doctrina
1146 1322 1273 1394 benigna
1287 1321 1388 1380 ductus

255 1416 297 1474 sic
317 1416 468 1488 intellego:
490 1422 579 1488 poeta
592 1418 668 1490 petit
687 1433 707 1474 a
720 1418 798 1486 Iove,
820 1422 854 1475 ut
875 1419 911 1476 ab
925 1434 959 1475 eo
973 1417 1091 1476 adiutus
1112 1423 1141 1476 et
1153 1417 1264 1490 ingenii
1277 1417 1386 1476 viribus

253 1512 411 1572 instructus
432 1513 558 1571 sufficiat
578 1512 616 1571 ad
637 1515 763 1571 carmine
782 1515 989 1586 componenda,
1011 1531 1084 1586 quae
1104 1516 1170 1587 regi
1189 1515 1274 1573 modo
1296 1517 1384 1574 vovit.

252 1609 339 1668 Hanc
361 1609 438 1668 enim
458 1611 523 1679 vim,
545 1626 620 1680 quae
641 1627 695 1682 per
715 1627 746 1669 se
765 1611 797 1668 in
818 1628 889 1669 voce
910 1610 1008 1688 ἀρετήν
1030 1628 1087 1669 non
1107 1612 1193 1681 inest,
1213 1612 1269 1670 hoc
1289 1618 1386 1671 tamen

252 1707 315 1764 loco
341 1705 527 1765 Theocritum
557 1707 650 1764 inesse
681 1707 806 1765 voluisse
838 1712 994 1781 propterea
1026 1708 1201 1780 putaverim,
1233 1709 1321 1779 quod,
1354 1715 1387 1766 ut

252 1803 349 1862 verbis
380 1799 461 1860 σέθεν
483 1801 505 1860 δ’
538 1802 593 1877 ἐγὼ
620 1800 666 1861 ἶσα
697 1803 743 1862 καὶ
769 1801 860 1862 ἄλλων
886 1803 1026 1879 μνάαομαι
1051 1801 1176 1880 ἡμιθέων
1208 1805 1269 1862 sine
1301 1804 1386 1863 dubio

252 1899 418 1958 memoriam
441 1900 582 1958 formulae
603 1901 682 1959 illius
695 1902 846 1960 revocavit
867 1918 903 1959 ex
923 1901 1038 1974 hymnis
1051 1901 1205 1958 homericis
1225 1905 1312 1958 notae
1334 1900 1384 1974 (cf.

251 1995 392 2054 Fritzsch.
415 2002 446 2054 et
465 1997 569 2056 Hiller.
592 1997 629 2055 ad
648 2014 689 2055 vs.
715 1997 794 2070 135),
816 1997 862 2054 ita
882 1996 970 2054 etiam
991 1996 1087 2056 verbis
1108 1995 1207 2074 ἀρετήν
1226 2018 1257 2070 γε
1283 1996 1332 2072 μὲν
1354 1995 1386 2056 ἐκ

253 2091 316 2155 Διὸς
347 2089 430 2150 αἰτέω
461 2099 539 2152 tecte
570 2095 670 2167 tetigit
701 2095 859 2153 clausulam
890 2091 964 2150 δίδου
997 2090 1019 2149 δ’
1042 2090 1140 2168 ἀρετήν
1167 2114 1197 2150 τε
1224 2092 1269 2152 καὶ
1294 2091 1385 2169 ὄλβον,

253 2203 309 2258 qna
322 2189 492 2262 hymnorum
514 2190 724 2248 homericornm
746 2191 909 2249 etiamnunc
924 2190 980 2247 duo
1001 2189 1139 2247 finiuntur
1152 2191 1214 2263 (15,
1227 2193 1255 2249 9.
1277 2190 1324 2262 20,
1337 2189 1384 2264 8):

253 2283 354 2354 quibus
374 2286 470 2344 verbis
484 2287 623 2360 rhapsodi
643 2289 701 2345 uim
722 2287 859 2345 cantandi
880 2292 910 2344 et
930 2286 1080 2346 victoriam
1101 2287 1246 2358 petebant.
1277 2287 1383 2345 Eorum

252 2385 349 2438 autem
370 2382 541 2454 hymnorum
566 2385 798 2442 recordationem
820 2382 994 2443 Theocritus
1020 2399 1054 2441 eo
1076 2383 1195 2441 consilio
1216 2388 1325 2456 movet,
1352 2388 1386 2441 ut

251 2477 351 2551 hymni
371 2480 467 2552 specie
488 2498 569 2539 suum
591 2497 703 2553 quoque
724 2498 840 2540 carmen
861 2485 997 2543 exornetz
1019 2497 1093 2551 quae
1115 2481 1202 2539 etiam
1223 2496 1310 2538 causa
1331 2486 1383 2549 est,

252 2590 303 2632 cur
323 2590 426 2634 munus
447 2580 582 2636 cantandi
603 2594 659 2636 non
680 2578 717 2637 ab
732 2578 867 2651 Apolline
888 2584 919 2635 et
932 2578 1023 2635 Musis
1037 2582 1128 2649 petat,
1150 2577 1202 2634 sed
1216 2593 1235 2634 a
1248 2577 1326 2648 Iove,
1349 2576 1385 2635 de

250 2687 306 2742 quo
327 2673 359 2730 in
379 2674 497 2732 exordio
519 2674 645 2733 dixerat:
668 2674 700 2733 ἐκ
715 2673 778 2738 Διὸς
799 2672 971 2752 ἀρχώμεσθα
985 2672 1031 2733 καὶ
1045 2672 1074 2735 ἐς
1088 2670 1139 2730 Δία
1161 2672 1257 2748 λήγετε
1272 2670 1382 2730 Μοῖσαα

250 2766 293 2825 sic
312 2768 343 2825 in
363 2768 419 2827 fine
440 2771 561 2827 encomii
576 2770 613 2828 ad
626 2769 739 2828 initium
752 2771 911 2843 respiciens
932 2769 981 2844 (cl.
996 2769 1175 2844 Kiessling.)
1197 2769 1251 2825 hac
1271 2785 1384 2840 quoquc

252 2881 285 2921 re
306 2864 409 2936 efficit,
431 2872 464 2924 ut
484 2866 514 2923 iu
534 2866 733 2925 Ptolemaeum
755 2884 811 2925 non
833 2867 994 2925 encomium
1014 2872 1141 2931 tantum,
1163 2866 1215 2924 sed
1236 2867 1382 2938 hymnum,

250 2978 305 3032 quo
326 2967 414 3021 antea
427 2964 482 3021 soli
503 2964 550 3023 dei
564 2964 703 3023 celebrari
718 2964 856 3035 solebant,
880 2963 1042 3022 condidisse
1056 2964 1193 3021 videatur
1213 2963 1263 3036 (ci.
1279 2980 1321 3021 vs.
1336 2963 1381 3036 8).

249 3056 383 3117 Oetemm
416 3061 479 3133 ipsa
498 3062 571 3120 haec
590 3062 808 3134 interpretatio,
839 3076 896 3132 qua
926 3061 1022 3118 exitus
1047 3060 1183 3118 carminis
1211 3076 1275 3117 cnm
1300 3060 1381 3117 initio

250 3157 396 3228 conspirat
416 3162 502 3228 atque
523 3174 677 3215 consensus
691 3157 806 3229 quidam
828 3172 893 3215 cum
914 3156 1013 3229 hymni
1034 3160 1140 3213 natura
1161 3154 1292 3229 efficitur,
1315 3172 1381 3215 cor-

248 3252 406 3309 rectionem
427 3249 509 3311 αἰτέω
531 3251 667 3312 affirmat.

329 3348 450 3407 Prorsus
482 3350 568 3408 aliter
598 3367 661 3408 rem
681 3368 762 3409 suam
787 3350 914 3408 instituit
935 3348 1144 3418 Callimachum
1177 3350 1203 3406 is
1229 3348 1304 3406 enim
1326 3348 1382 3406 etsi

248 3444 344 3502 verbis
365 3443 439 3503 δίδου
461 3442 483 3503 δ’
505 3444 602 3523 ἀρετήν
623 3444 644 3505 τ’
667 3444 765 3524 ἄφατός
790 3468 821 3504 τε
847 3452 878 3505 et
902 3447 965 3518 ipse
992 3446 1067 3504 sicut
1087 3445 1261 3503 Theocritus
1285 3445 1381 3503 verbis

249 3539 346 3618 ἀρετήν
359 3564 390 3616 γε
412 3542 461 3612 μὲν
484 3542 516 3601 ἐκ
530 3542 593 3607 Διὸς
614 3541 696 3601 αἰτέω
710 3542 852 3602 formulae
871 3544 949 3601 illius
962 3543 1125 3601 homericae
1139 3542 1259 3613 monuit,
1282 3546 1380 3598 tamen

248 3654 301 3696 sua
320 3639 409 3697 verba
438 3656 494 3698 non
516 3640 552 3698 de
573 3642 682 3699 armilio
704 3641 749 3698 dei
769 3642 801 3699 in
827 3640 999 3698 carminibus
1020 3638 1181 3711 pangendis
1208 3642 1307 3710 optato
1327 3637 1379 3695 scd

247 3733 284 3791 de
308 3734 417 3793 virtute
448 3736 479 3793 in
504 3736 565 3793 vita
588 3737 716 3795 humana
741 3736 917 3810 praestanda
943 3737 1034 3808 deque
1062 3735 1201 3794 felicitate
1226 3734 1379 3793 intellexit.

247 3828 344 3903 Quare
368 3836 519 3903 postquam
545 3849 596 3891 suo
616 3850 696 3892 more
721 3834 802 3894 velut
822 3834 923 3891 doctus
944 3838 1119 3906 praeceptor
1145 3830 1296 3903 explicuit,
1329 3846 1380 3888 cur

245 3929 398 3997 utrumque
419 3928 505 3987 simul
524 3930 678 4002 petendum
699 3932 749 3999 sit,
783 3930 873 3989 verba
899 3930 1000 3988 eadem
1025 3930 1136 4003 repetit
1155 3944 1212 3987 uno
1238 3928 1378 3986 vocabulo

246 4020 450 4083 delectationis
471 4041 558 4083 causa
577 4026 704 4085 variato:
727 4025 801 4084 δίδου
824 4024 847 4084 δ’
868 4026 966 4103 ἀρετήν
986 4048 1017 4084 τε
1037 4026 1083 4085 καὶ
1103 4023 1193 4101 ὄλβον.

325 4119 427 4192 Vides,
450 4123 542 4194 qualis
562 4124 601 4181 sit
623 4122 799 4193 „similitudo
821 4124 969 4181 amborum
991 4122 1157 4194 carminum,
1178 4138 1264 4192 quam
1284 4136 1375 4191 nemo,

247 4216 295 4289 qui
321 4218 487 4277 accuratius
517 4235 552 4277 ea
582 4218 757 4292 perlegerit,
789 4219 943 4290 negabit“;
978 4224 1011 4276 ut
1040 4224 1154 4277 taceam
1186 4218 1220 4275 de
1246 4217 1378 4277 universo

359 4315 361 4320 .
1187 4310 1219 4366 3,
