3217 4950
694 514 964 590 --16--Ι

236 704 267 762 id
288 703 387 761 docuit
404 702 546 760 Vahlenus
567 701 596 759 in
611 701 725 762 scholis.
768 701 826 776 Qui
840 703 915 761 euim
936 702 1086 774 probabile
1106 709 1150 761 est
1163 705 1285 777 primum
1305 722 1362 765 nno

236 800 392 869 eodemque
413 803 542 871 tempore
563 815 661 872 regem
682 799 802 858 dicionis
824 815 893 857 suae
913 797 1009 857 iacere
1035 805 1133 873 partes
1152 800 1311 861 Phoenices
1333 809 1364 861 et

236 894 365 956 Arabiae
391 901 421 955 ct
441 895 541 969 Syriae
567 902 599 956 et
617 897 730 971 Libyae
756 902 786 955 et
805 897 993 970 Aethiopiae,
1016 897 1119 955 deinde
1139 898 1184 955 hie
1204 900 1289 957 terris
1310 915 1361 957 ex·

236 993 398 1066 pugnaudis
418 993 535 1068 adiungi
554 1009 634 1053 mera
653 995 797 1066 particula
817 993 847 1052 τὲ
867 995 932 1053 illos
952 993 1032 1065 fines,
1058 994 1108 1066 qui
1127 995 1185 1053 iam
1204 999 1290 1053 antea
1311 996 1363 1054 snb

236 1090 298 1149 eius
317 1089 438 1162 imperio
459 1094 563 1150 erantt’
593 1089 774 1151 Vocabulum
794 1091 886 1164 igitur
899 1088 1078 1167 ἀποτέμνεται
1098 1108 1157 1149 uon<
1174 1091 1297 1164 positum
1318 1097 1365 1150 est

235 1193 268 1245 ut
288 1203 313 1248 e.
335 1204 359 1246 c.
381 1187 470 1246 Isocr.
497 1189 525 1260 3,
548 1187 595 1245 34.
618 1188 645 1259 5,
669 1189 736 1248 112.
756 1185 856 1262 Apoll.
879 1188 973 1250 Rhod.
999 1191 1027 1259 2,
1049 1190 1117 1260 796,
1148 1189 1198 1248 sed
1223 1188 1364 1260 significat

175 1335 178 1342 .
235 1285 290 1343 hoc
319 1285 395 1342 loco:
429 1283 574 1357 „possidet
604 1287 721 1357 partes“
747 1286 794 1359 (er
824 1285 971 1345 schneidet
1000 1287 1062 1346 sich
1092 1286 1173 1345 Teile
1203 1286 1249 1360 ab,
1280 1289 1309 1348 h.
1337 1304 1361 1346 e

236 1379 395 1456 semper)¹).
426 1381 503 1440 Huic
517 1385 613 1440 antem
625 1381 780 1455 opponitur
792 1382 1028 1460 111ιιι1τᾶσι(88)ι
1042 1383 1212 1454 Phoenices,
1228 1383 1361 1455 Arabiae,

238 1478 347 1551 Syriae,
368 1478 491 1551 Libyae,
512 1479 683 1551 Aethiopiae
704 1484 804 1551 partes
824 1481 960 1553 possidet,
982 1485 1014 1540 at
1032 1480 1232 1553 Pamphyliam
1252 1485 1363 1539 totam

235 1576 313 1649 regit
326 1580 384 1635 etc.
418 1575 521 1647 Itaque
537 1591 592 1648 quo
606 1579 735 1648 tempore
750 1593 865 1634 carmen
879 1578 1018 1651 scriptum
1032 1582 1085 1649 est,
1107 1577 1231 1635 omnium
1244 1576 1362 1635 illarum

191 1755 200 1772 .
236 1672 449 1746 provinciarum
476 1671 551 1732 aliae
576 1678 670 1741 totae,
702 1674 777 1734 aliae
798 1675 829 1733 iu
854 1679 938 1748 parte
959 1677 1011 1734 sub
1036 1675 1158 1748 imperio
1178 1674 1362 1748 Philadelphi

236 1775 327 1828 erant.

315 1867 436 1926 Omnino
467 1868 537 1926 mihi
560 1869 677 1940 quidem
707 1869 823 1929 videtur·
842 1885 958 1928 carmen
981 1885 1039 1928 non
1063 1886 1147 1942 posse
1174 1871 1361 1943 compositum

237 1980 299 2022 csse
318 1980 371 2038 per
391 1964 497 2023 bellum
517 1965 647 2038 aliquod;
675 1982 748 2038 quae
769 1967 844 2025 enim
869 1966 952 2025 dicit:
978 1965 1074 2024 πολλοὶ
1094 1963 1116 2023 δ’
1138 1965 1244 2042 ἱππῆες,
1265 1965 1361 2024 πολλοὶ

238 2059 268 2117 δέ
289 2081 333 2134 μιν
353 2059 509 2119 ἀσπιδιῶται
527 2063 626 2139 χαλκῷ
640 2060 819 2139 μαρμαίροντι
839 2061 997 2137 σεσαγμένοι
1016 2061 1214 2140 ἀμφαγέρονται
1234 2063 1285 2138 (93
1296 2063 1360 2138 sq.),

238 2157 268 2214 in
287 2156 339 2214 illa
353 2173 438 2229 opum
459 2161 672 2217 enumeratione
692 2175 750 2217 non
763 2158 982 2231 interpretanda
1001 2163 1068 2217 sunt
1088 2158 1123 2216 de
1137 2159 1228 2231 copiis
1247 2159 1277 2215 iu
1297 2159 1360 2231 ipso

238 2253 314 2312 bello
333 2255 391 2312 iam
410 2271 510 2326 regem
530 2254 711 2329 stipantibus.
733 2287 769 2298 -
789 2255 894 2314 Potius
914 2259 1007 2313 totum
1027 2271 1143 2314 carmen
1162 2255 1262 2314 beatas
1282 2255 1361 2329 pacis

238 2350 418 2409 condiciones
432 2352 525 2424 spirat
544 2351 624 2425 adeo,
647 2357 680 2410 ut
700 2369 757 2411 uon
771 2353 842 2412 satis
855 2353 961 2426 possim
981 2350 1090 2424 mirari,
1111 2351 1188 2422 quod
1207 2351 1263 2410 uiri
1284 2352 1362 2410 docti

237 2453 267 2507 et
291 2449 433 2523 imprimis
453 2447 633 2524 Droysonus,
664 2450 710 2509 vir
735 2455 794 2509 tam
819 2449 985 2523 ingeniosus
1010 2449 1127 2524 etipse
1151 2464 1224 2509 uena
1246 2449 1362 2522 poetica

237 2546 386 2617 praeditus
406 2546 498 2619 larga,
521 2563 634 2605 carmen
654 2548 691 2605 ad
712 2547 781 2606 belli
796 2551 924 2607 aetatem
943 2547 1153 2606 transtulerint.
1194 2546 1264 2619 Quis
1284 2547 1361 2604 enim

235 2646 320 2715 putat
334 2643 369 2701 de
382 2660 450 2716 rege
464 2644 591 2702 bellandi
605 2644 682 2703 curis
696 2650 836 2717 occupato
857 2645 962 2703 dixisse
976 2644 1162 2702 Theocritum
1174 2644 1227 2702 hos
1247 2658 1360 2702 versus:

240 2738 299 2797 λαοὶ
320 2736 342 2797 δ’
359 2741 424 2818 ἔργα
444 2740 658 2818 περιστέλλουσιν
679 2738 782 2816 ἕκηλοι·
804 2740 836 2799 οὖ
852 2740 903 2819 γάρ
922 2763 961 2805 τις
981 2738 1064 2817 δηίων
1087 2740 1244 2817 πολυιιήτεα
1262 2738 1362 2799 Νεῖλον

237 2834 354 2914 ὑπερβὰς
374 2836 453 2904 πεζὸς
474 2836 502 2894 ἐν
524 2835 685 2913 ἀλλοτρίαισι
706 2836 770 2915 βοὰν
785 2836 916 2896 ἐστοίσατο
937 2836 1051 2912 κώμαις.
1072 2835 1136 2895 odoi
1156 2860 1194 2901 τις
1214 2835 1363 2913 αἰγιαλόνδε

233 2933 302 3004 θοᾶς
328 2932 467 3010 libidinum)
491 2934 554 2999 ναὸς
578 2933 737 3014 θωρηχθεὶς
768 2934 812 2993 ἐπὶ
837 2934 925 3013 βουσὶν
951 2933 1075 3013 ἀνάρσιος
1094 2932 1259 3011 Αἰγυπτίῃσι.
1290 2935 1363 2997 τοῖος

235 3030 303 3109 ἀνὴρ
324 3030 479 3090 πλατέεσσιν
501 3030 633 3109 ἐνίδρυται
656 3031 767 3091 πεδίοισι
798 3032 852 3108 (97
872 3033 968 3108 sqq.)⁶.’
1008 3032 1048 3090 Et
1068 3031 1142 3103 quod
1161 3030 1362 3103 gravissimum

236 3134 321 3202 puto,
354 3131 379 3188 si
409 3129 441 3187 in
464 3129 536 3201 ipsis
559 3130 630 3188 belli
650 3130 783 3203 periculis
808 3130 855 3187 vel
879 3146 933 3187 rex
957 3128 1019 3201 ipse
1043 3131 1208 3187 versaretur
1230 3128 1277 3186 vel
1301 3127 1362 3185 eius

235 3226 389 3296 exercitus,
411 3230 490 3285 certe
511 3226 566 3285 hoc
586 3227 756 3285 Theocritus
775 3226 852 3285 votis
871 3230 1042 3298 prosecutus
1063 3228 1140 3283 esset
1159 3227 1303 3297 precatus,
1329 3228 1362 3281 ut

237 3322 354 3381 deornm
384 3323 491 3382 auxilio
523 3340 559 3381 ex
579 3322 633 3381 hoc
663 3339 774 3395 qnoque
805 3323 969 3381 discrimine
998 3337 1136 3395 prospere
1154 3320 1362 3395 Philadelphus

238 3420 381 3488 evaderet,
403 3421 482 3479 velut
496 3420 629 3478 similiter
642 3436 742 3494 preces
762 3419 836 3478 facit
851 3421 897 3489 16,
919 3420 957 3477 82
977 3435 1037 3491 sqq.
1079 3419 1119 3476 At
1130 3416 1203 3476 talia
1216 3435 1252 3476 ne
1274 3419 1361 3477 uerbo

238 3517 348 3589 quidem
369 3518 465 3590 tangit
490 3533 582 3590 neque
606 3517 638 3575 iu
658 3516 748 3576 totius
773 3516 909 3575 carminis
933 3516 1013 3574 exitu
1033 3532 1132 3587 regem
1158 3514 1240 3573 iubet
1258 3512 1361 3593 χαίρειν

236 3615 399 3675 bellantem.

306 3848 329 3919 ¹)
348 3850 407 3904 lam
431 3866 456 3904 a.
478 3851 546 3905 1678
566 3848 688 3905 (leuatus
705 3852 782 3905 recte
801 3851 935 3904 verterat:
956 3848 993 3916 „il
1009 3848 1127 3919 possode
1145 3864 1200 3904 une
1218 3848 1307 3919 partie
1325 3847 1360 3902 de

236 3937 264 3991 la
281 3936 427 3992 Phenicie“
451 3938 501 3992 etc.
508 3958 516 4005 3
544 3936 579 3993 cf.
606 3936 665 3993 eius
683 3937 798 3993 librum:
826 3936 855 3991 la
881 3936 980 4007 poesie¹
998 3936 1177 3992 alexandrine
1199 3953 1226 4005 p.
1245 3938 1306 3992 111.
1324 3966 1359 3974 -

236 4025 439 4080 Wnestemann.
457 4041 485 4094 p.
500 4027 553 4081 270
570 4026 606 4080 ad
617 4041 657 4080 us.
671 4027 717 4093 86;
737 4025 851 4080 Hauler.
870 4041 896 4095 p.
912 4026 957 4093 193
975 4024 1134 4081 Haebean.
1146 4041 1174 4095 p.
1193 4025 1227 4079 56
1240 4024 1304 4079 adn.
1319 4027 1360 4080 ll.

236 4112 322 4169 Plane
340 4114 416 4168 errat
433 4111 561 4169 Briuher.
579 4129 606 4183 p.
625 4115 650 4170 6.
674 4144 707 4152 -

306 4202 328 4270 ²)
347 4200 465 4257 Formae
475 4201 598 4255 ἐστάσατο
609 4203 638 4257 et
648 4200 861 4269 ifiahozoaoristi
870 4203 990 4275 suntqui
999 4203 1177 4259 nominantur
1187 4201 1316 4273 guomici.
1326 4232 1360 4241 -
