3217 4950
737 530 951 591 ..20-

271 723 380 781 stantia
400 725 512 793 poetae,
534 720 568 792 si,
590 724 743 792 postquam
758 720 788 777 iu
802 721 930 778 carmine
944 716 1021 777 XIV
1036 716 1255 790 Philadelphum
1276 717 1408 777 laudavit

272 818 325 891 (59
358 817 433 891 sqq.)
468 818 584 888 eiusque
619 816 826 875 liberalitatem
859 815 1043 888 praedicavit
1073 813 1141 890 (63:
1177 816 1288 877 πολλοῖς
1318 813 1408 872 πολλὰ

271 912 387 988 διδούς),
419 913 523 971 deinde
542 914 574 970 in
595 929 620 970 c.
641 911 716 972 XVI
737 913 892 972 avaritiam
919 915 1090 982 conquestus
1114 911 1167 985 (17
1174 932 1180 967 :
1213 909 1276 968 οὐδέ
1298 933 1345 968 κεν
1368 911 1406 968 ἰὸν

271 1009 421 1087 ἀποτρίψας
441 1009 490 1068 τινὶ
511 1007 585 1085 δοίη)
607 1009 803 1080 quaesivisset,
826 1010 872 1067 oui
892 1009 1058 1067 mortalium
1079 1009 1191 1067 veniret
1211 1007 1408 1085 κεχαρισμένος

272 1107 348 1182 (68),
370 1112 471 1180 postea
491 1121 561 1164 vero
582 1105 703 1163 eundem
724 1122 820 1178 regem
841 1106 872 1163 in
893 1121 918 1164 o.
940 1103 1027 1164 XVII
1048 1105 1155 1162 iterum
1176 1105 1293 1162 summis
1313 1105 1407 1162 laudi·

270 1205 323 1261 hus
354 1200 538 1278 extulisset).
585 1201 661 1261 Nam
692 1218 729 1258 ne
761 1201 825 1272 quis
855 1205 984 1274 opponat
1014 1205 1139 1272 poetam,
1171 1218 1235 1259 cum
1267 1202 1407 1260 scriberet

274 1317 301 1358 c.
316 1298 396 1372 XIV,
418 1315 513 1372 regem
528 1314 585 1356 non
600 1298 715 1371 penItus
729 1299 876 1370 cognitum
897 1297 1041 1362 habuisse,
1062 1314 1121 1355 non
1134 1297 1301 1356 blandiendi
1322 1314 1408 1356 causa

272 1412 365 1468 neque
394 1396 527 1459 universe
558 1399 679 1463 tantum,
711 1399 743 1452 ut
765 1391 799 1450 lit
823 1394 855 1450 in
885 1393 1036 1465 laudando,
1068 1395 1255 1465 praedicatur
1279 1394 1408 1453 versibus

271 1493 306 1550 61
331 1509 390 1564 sqq.
433 1491 510 1549 MIre
542 1491 617 1548 enim
642 1490 809 1549 Passowius
840 1489 932 1565 (1.1.)
963 1490 1111 1549 iudicabat
1141 1492 1237 1549 verbis
1269 1490 1350 1548 αἰτεῖν
1376 1491 1407 1548 δὲ

271 1591 314 1646 δεῖ
331 1587 382 1647 οὐκ
402 1586 445 1645 ἐπὶ
465 1585 545 1644 παντί
565 1586 618 1660 (vs.
642 1586 694 1661 64)
714 1588 873 1660 perstringi
892 1588 973 1660 regis
986 1588 1135 1660 ingenium
1155 1604 1288 1660 parcum
1310 1589 1406 1660 potius

270 1689 322 1743 aut
342 1700 406 1742 cum
426 1683 477 1741 Fr.
499 1684 633 1742 Jacobsio
655 1683 746 1758 (apud
767 1684 926 1742 Wuestem.
952 1701 980 1756 p.
1003 1686 1062 1741 212
1083 1685 1121 1743 ad
1140 1701 1183 1743 vs.
1206 1685 1257 1759 64)
1283 1701 1337 1757 pro
1357 1685 1407 1742 ad·

271 1781 427 1838 monitione
448 1779 616 1853 accipienda
635 1786 715 1846 sunt,
747 1796 783 1838 ne
804 1781 870 1852 quis
889 1779 1086 1839 munificentia
1106 1781 1169 1840 eius
1189 1781 1335 1854 abutatur,
1358 1789 1407 1840 aut

272 1882 416 1935 testantur
435 1877 518 1934 nobis
539 1876 708 1934 interiorem
729 1876 818 1934 animi
840 1879 1042 1950 cognitionem.

351 1972 448 2046 Quare
469 1974 524 2032 nisi
538 1974 723 2046 impeditiora
743 1975 956 2046 praeferuntur,
977 1975 1220 2048 simplicissimum
1241 1981 1286 2034 est
1299 1992 1407 2048 ponere

270 2085 386 2127 carmen
407 2069 479 2126 XIV
500 2075 530 2128 et
560 2071 654 2143 ipsum
684 2074 750 2142 post
773 2088 799 2128 a.
822 2072 882 2129 270
903 2072 1113 2142 Alexandriae,
1145 2076 1297 2144 postquam
1321 2077 1409 2144 poeta

270 2167 300 2222 iu
320 2165 507 2237 Philadelphi
537 2167 664 2239 gratiam
685 2167 774 2239 venio,
808 2169 947 2241 scriptum
968 2185 1032 2227 esse
1057 2168 1145 2239 idque
1176 2169 1302 2226 fortasse
1321 2169 1407 2239 paulo

270 2266 338 2320 ante
365 2278 390 2321 c.
416 2262 518 2334 XVII,
552 2263 619 2334 quia
648 2263 678 2320 in
710 2265 764 2320 hoc
787 2265 889 2323 laudes
914 2265 1074 2323 Ptolemaei
1100 2265 1191 2323 multo
1218 2262 1409 2337 amplificatae

270 2364 345 2417 sunt.
368 2391 405 2401 -

351 2455 453 2527 Neque
467 2456 552 2529 plura
567 2459 632 2515 sunt
646 2473 719 2529 quae
741 2457 776 2517 de
797 2460 923 2518 carmine
937 2457 994 2520 XV
1015 2458 1147 2532 proferre
1167 2459 1246 2517 licet.
1287 2458 1351 2516 Hoc
1372 2473 1408 2514 ex

269 2553 387 2625 ingenio
408 2558 590 2624 procreatum
611 2569 679 2611 vere
699 2555 815 2626 poetico
844 2572 908 2613 cum
933 2561 996 2615 arte
1019 2557 1118 2615 subtili
1138 2554 1239 2613 laudes
1260 2556 1408 2627 praedicet

272 2654 303 2707 et
314 2648 501 2721 Philadelphi
522 2653 552 2707 et
565 2650 689 2708 maxime
703 2649 850 2709 Arsinoae
871 2654 969 2710 uxoris
989 2659 1019 2711 et
1039 2652 1147 2711 sororis
1169 2652 1244 2727 (110
1257 2650 1321 2725 sq),
1343 2657 1409 2724 post

272 2746 390 2818 nuptias
415 2750 531 2818 etpost
552 2762 576 2805 c.
598 2745 679 2818 XVI,
701 2747 720 2807 i.
744 2765 769 2807 e.
791 2755 858 2820 post
878 2765 904 2807 a
928 2750 987 2807 270
1012 2751 1106 2823 ipsum
1131 2764 1244 2821 quoque
1270 2749 1409 2821 scriptum

271 2845 325 2901 est.
368 2841 469 2913 Neque
491 2858 606 2899 causam
626 2842 731 2913 haheo,
755 2861 806 2901 cur
827 2846 912 2917 longe
934 2863 953 2903 a
971 2851 1102 2919 tempore
1124 2846 1259 2904 carmmis
1272 2845 1358 2903 XVII
1379 2843 1409 2901 id

272 2937 382 2996 distare
402 2942 514 3011 putem;
536 2938 622 2997 immo
645 2940 770 2998 fortasse
791 2956 849 2999 non
867 2944 958 3000 multo
979 2948 1047 3015 post
1068 2944 1256 3014 compositum
1278 2948 1330 3001 est.
1365 2941 1409 3000 Ut

271 3035 346 3091 enim
367 3034 396 3090 in
417 3050 440 3091 c.
456 3034 548 3094 XVII
562 3037 663 3094 laudes
677 3038 767 3095 solius
787 3039 850 3097 fere
864 3038 1049 3114 Philadelphi
1063 3040 1170 3110 insunt,
1191 3040 1235 3098 ita
1256 3040 1288 3097 in
1302 3056 1327 3097 c.
1341 3038 1406 3111 XV,

271 3130 327 3189 etsi
347 3146 402 3187 non
416 3134 530 3190 tacetur
543 3132 579 3190 de
600 3150 667 3205 rege
689 3133 742 3207 (cf.
763 3152 804 3193 vs.
821 3137 869 3195 22.
891 3137 930 3194 4o
945 3138 1030 3211 sqq),
1053 3143 1151 3195 tamen
1171 3137 1289 3209 reginae
1310 3143 1409 3210 partes

272 3227 400 3300 potiores
420 3229 601 3300 tribuuntur,
634 3237 714 3289 certe
734 3234 863 3304 potiores
884 3250 970 3305 quam
990 3235 1021 3292 in
1042 3251 1067 3293 c.
1088 3232 1182 3293 XVII
1188 3256 1195 3301 ;
1226 3250 1294 3291 nam
1316 3233 1352 3291 ab
1374 3250 1409 3291 ea

271 3322 375 3381 festum
395 3324 540 3383 Adonidis
561 3325 705 3385 celebrari
724 3334 862 3387 narratur
881 3348 924 3389 vs.
947 3332 984 3389 23
1007 3348 1063 3402 sq:
1091 3329 1184 3389 ἀκούω
1206 3334 1303 3407 χρῆμα
1324 3329 1408 3389 καλόν

270 3440 295 3476 τι
320 3423 431 3494 κοσμεῖν
456 3420 504 3478 τὰν
530 3420 695 3498 duellionum
727 3430 756 3482 et
778 3425 815 3483 cf.
837 3429 967 3487 vs..109
989 3444 1050 3499 sqq.
1093 3427 1276 3501 Quapropter
1308 3428 1409 3485 videor

271 3516 342 3591 mihi
355 3534 412 3575 non
426 3519 512 3576 nimis
525 3519 664 3578 audacter
677 3526 805 3581 statuere
820 3524 1007 3582 Theocritum
1021 3530 1088 3597 post
1103 3540 1204 3595 regem
1224 3524 1255 3581 iu
1276 3541 1300 3582 c.
1316 3523 1408 3583 XVII

271 3613 463 3672 collaudatum
498 3617 676 3674 occasionem
710 3619 867 3692 arrtpuisse
905 3622 1022 3693 reginae
1060 3637 1172 3693 quoque
1212 3621 1407 3679 laudationem

271 3709 386 3768 dicandi
407 3710 509 3785 (schol.
532 3712 563 3769 in
583 3729 705 3786 argum:
728 3714 906 3791 χαριζόμενος
927 3718 962 3795 τῇ
983 3718 1116 3794 βασιλίδι).

354 3806 497 3877 Spohnius
518 3808 615 3866 autem
637 3809 676 3884 (p.
694 3811 711 3867 3
726 3812 802 3885 sqq.)
823 3817 855 3869 et
874 3813 1117 3872 Wuestemannus
1139 3814 1183 3889 (p.
1199 3814 1271 3890 215)
1292 3830 1408 3873 carmen

272 3904 303 3961 in
329 3902 429 3962 Sicilia
459 3904 558 3962 stetim
589 3912 655 3978 post
684 3924 708 3963 a.
733 3908 801 3977 275,
828 3909 847 3965 1.
870 3925 895 3969 e.
921 3910 1020 3967 statIm
1051 3916 1117 3982 post
1147 3916 1252 3984 poetae
1283 3912 1408 3977 reditum

272 3998 411 4072 scriptum
436 4015 498 4058 esse
529 4001 735 4061 existImabant
760 4005 852 4062 secuti
878 4005 1055 4064 Passowium
1081 4007 1114 4082 (l.
1137 4008 1181 4083 1.),
1213 4008 1263 4079 qui
1286 4009 1409 4080 negabat

343 4217 363 4285 ¹)
382 4216 461 4271 Idem
479 4216 554 4272 cadil
571 4218 601 4271 in
621 4234 643 4273 c.
662 4218 720 4275 XV.
741 4250 772 4261 -
