3217 4950
721 521 941 584 ..53-

261 709 363 766 machi.
406 707 517 766 Tamen
537 709 699 780 quaeritur,
731 726 799 768 num
830 726 901 782 opus
932 710 971 768 sit
1001 714 1114 768 tantum
1140 708 1255 768 efficere
1281 726 1317 768 ex
1337 711 1392 768 hac

261 806 413 863 verborum
435 805 635 864 similitudine:
664 823 698 864 ea
720 807 794 864 enim
816 806 881 864 inde
902 806 1008 878 evadit,
1031 806 1108 877 quod
1127 806 1204 864 idem
1224 807 1286 865 fere
1306 822 1393 865 voca·

259 903 358 960 bulum
380 904 538 976 repetitum
559 905 614 962 hoc
629 907 724 962 autem
738 901 773 960 iit
786 920 903 977 prorsus
918 921 933 961 e
955 920 1034 961 more
1049 904 1205 974 Theocriti,
1227 904 1276 976 qui
1292 906 1337 977 18,
1353 905 1391 962 53

260 1000 388 1072 scripsit:
411 999 450 1063 ὡς
471 998 499 1065 ἐξ
517 999 680 1078 ,εὐπατριδᾶν
702 1000 740 1063 εἰς
761 999 920 1078 εὐπατρίδας
940 999 1020 1058 πάλιν
1041 999 1121 1076 {siim
1157 1002 1202 1067 17,
1225 1002 1278 1058 42:
1309 1000 1391 1060 ὁπότε

260 1118 306 1154 κεν
328 1096 427 1173 φιλέων
449 1095 526 1174 βαίνῃ
549 1097 630 1176 λέχος
651 1096 679 1160 ἐς
699 1096 856 1174 φιλεούσηςς
884 1099 935 1168 22,
958 1098 1005 1156 56.
1031 1099 1102 1165 1193
1129 1099 1274 1170 particula
1294 1104 1391 1158 autom

260 1191 306 1251 καί
325 1199 391 1266 post
412 1211 561 1252 caesuram
575 1199 641 1254 ante
655 1195 775 1254 verbum
789 1195 944 1268 repetitum
959 1194 1054 1267 posita
1074 1199 1127 1262 est,
1149 1197 1228 1254 velut
1249 1196 1295 1265 15,
1320 1197 1389 1254 149:

259 1293 338 1368 χαῖρε
353 1288 448 1348 Ἄδων
471 1291 603 1368 ἀγαπητὲ,
632 1292 677 1352 καί
701 1291 730 1356 ἐς
749 1291 894 1371 χαίροντας
914 1290 1024 1368 &quirem
1049 1295 1100 1361 ll,
1123 1293 1243 1382 stult,
1270 1295 1299 1362 l;
1333 1295 1391 1350 alia

259 1391 392 1462 exempla
422 1390 487 1448 uide
514 1391 590 1463 apud
610 1391 750 1450 Fritzsch.
779 1392 817 1449 ad
839 1392 866 1460 2,
892 1393 947 1449 113
998 1390 1097 1448 Etiam
1122 1391 1217 1448 exitus
1241 1391 1393 1461 utriusque

258 1487 432 1544 hemistichii
452 1504 541 1558 aeque
561 1494 697 1546 sonantes
717 1485 989 1562 (εὐαγέοιμι-ἅδοιμι)
1012 1487 1178 1545 Theocritei
1203 1492 1284 1551 sunt,
1312 1487 1392 1544 cuius

258 1599 325 1640 usus
346 1585 477 1655 exempla
492 1584 669 1643 Fritzschius
690 1584 822 1644 contulit.
850 1584 985 1655 Denique
1006 1600 1119 1643 sensum
1140 1585 1295 1643 verborum
1315 1583 1391 1655 apud

259 1680 442 1738 Theocritum
458 1680 639 1752 aptissimum
659 1697 722 1739 esse
737 1681 844 1744 elucet:
867 1685 946 1740 certe
967 1680 1044 1754 apud
1058 1681 1182 1738 alterum
1198 1686 1312 1752 poetam
1334 1697 1390 1738 non

259 1777 355 1849 aptior
376 1782 431 1848 ests
464 1778 550 1835 immo
577 1777 652 1849 quod
676 1779 738 1850 ipse
765 1777 892 1836 deusde
919 1795 950 1835 se
971 1776 1123 1850 praedicat
1149 1776 1268 1851 εὐαγέων
1291 1777 1321 1834 δὲ
1347 1776 1391 1835 καὶ

259 1871 394 1946 eburisum
415 1857 562 1951 μείοίμην,
590 1875 663 1933 haec
683 1891 740 1932 non
761 1879 821 1932 tam
847 1875 980 1933 veritatis
1001 1875 1126 1947 speciem
1147 1891 1218 1947 prae
1239 1891 1270 1932 se
1291 1875 1390 1932 ferunt

259 1988 343 2042 quam
365 1972 478 2030 dicendi
492 1974 613 2032 alicuius
627 1970 767 2030 formulae
788 1973 835 2032 vel
850 1972 1013 2030 sonantium
1033 1973 1187 2032 verborum
1204 1971 1388 2043 captationis,

259 2068 356 2142 Quare
378 2086 413 2128 ex
433 2087 490 2127 uno
511 2086 596 2129 versu
617 2087 675 2128 uon
695 2071 795 2128 licebit
816 2076 909 2128 totum
924 2086 1039 2128 carmen
1054 2071 1210 2128 Theocrito
1232 2070 1388 2140 abrogares

260 2166 314 2224 hoc
335 2171 415 2226 certe
442 2183 487 2224 me
508 2167 602 2225 iudice
625 2172 749 2241 constat,
783 2169 943 2240 quicunque
969 2167 1084 2240 scripsit
1109 2165 1189 2230 αὐτὸς
1210 2165 1232 2223 δ’
1255 2164 1390 2240 eboricum

260 2266 330 2332 κτλ.,
353 2263 387 2320 de
409 2280 459 2322 suo
482 2264 553 2322 haec
574 2281 638 2321 eum
659 2265 785 2322 scribere
799 2265 937 2337 potuisse,
958 2281 1014 2323 non
1035 2264 1109 2322 alius
1130 2264 1277 2322 cuiusdam
1298 2263 1390 2322 verba

257 2359 399 2416 imitatum
422 2375 493 2419 esse.

339 2455 397 2515 Sed
412 2457 540 2515 desinam
555 2457 589 2515 de
605 2457 777 2516 Callimachi
791 2458 1001 2517 imitationibus
1015 2458 1178 2533 disputare;
1201 2459 1273 2517 satis
1294 2463 1389 2517 autem

256 2554 378 2625 habebo,
400 2554 424 2611 si
445 2555 500 2612 hac
515 2556 762 2626 commentatione,
785 2573 870 2627 quam
885 2557 1026 2615 conscribi
1040 2557 1147 2614 nollem
1160 2573 1295 2627 umquam
1316 2572 1387 2628 opus

257 2651 368 2721 fuisset,
391 2651 458 2709 aliis
478 2651 636 2724 prudenter
656 2652 849 2711 iudicantibus
870 2653 991 2712 videbor
1011 2653 1199 2711 Theocritum
1220 2653 1386 2724 turpissimo

257 2747 375 2805 crimine
396 2748 573 2807 liberavisse.
598 2782 634 2790 -
