3217 4950
659 519 878 581 ..44-

203 712 259 773 τοῖς
279 707 398 784 Ἕλλησι
423 707 491 784 πρός
516 729 547 766 τε
572 707 635 772 τοὺς
659 711 705 765 νῦν
736 708 900 784 ἠδικηκότας
930 707 977 767 καὶ
1006 709 1263 786 παρεσπονδηκότας
1289 708 1337 772 τὰς

204 805 295 869 πόλεις
315 804 452 882 πρόθυμοι
474 805 543 880 μετὰ
557 807 605 863 τοῦ
627 804 757 881 βασιλέως
772 804 943 881 Πτολεμαίου
964 804 1010 864 καὶ
1024 808 1083 880 μετ’
1100 805 1227 880 ἀλλήλων
1248 804 1337 882 ὑπάρ-

204 924 289 980 χωσιν
311 901 454 977 ἀγωνισταὶ
475 901 520 960 καὶ
540 901 571 959 τὸ
596 901 688 959 λοιπὸν
711 898 772 975 μεθ’
795 899 922 975 ὁμονοίας
944 898 1064 977 σῴζωσιν
1084 901 1132 965 τὰς
1152 903 1265 966 πόλεις.
1282 949 1289 962 .
1305 946 1311 959 .
1328 948 1335 962 .

204 999 251 1056 Ad
282 997 446 1075 ἠδικηκότας
473 1002 530 1056 κτλ.
559 1003 655 1057 autem
686 997 827 1068 imprimis
853 999 1029 1069 Antigonum
1060 999 1243 1056 referendum
1274 1015 1337 1057 esse

203 1096 295 1169 ipsum
315 1096 421 1154 bellum
444 1095 682 1154 Chremonideum
703 1101 834 1152 exortum
863 1093 997 1152 ostendit.
1041 1093 1227 1152 Ptolemaeus
1246 1096 1338 1166 igitur

202 1193 232 1249 in
252 1193 307 1250 hoc
327 1192 413 1250 titulo
435 1197 623 1260 memoratae,
647 1207 710 1248 curu
731 1189 856 1249 foederis
877 1196 976 1263 partes
997 1189 1119 1248 haberet
1140 1198 1226 1262 atque
1247 1192 1335 1249 etiam

202 1287 326 1347 fortasse
347 1289 409 1347 eius
430 1295 531 1347 auctor
551 1289 688 1346 existeret
709 1287 760 1362 (ci.
783 1305 824 1347 vs.
849 1288 884 1345 16
906 1287 997 1362 sqq),
1030 1292 1092 1344 tum
1115 1288 1255 1359 temporis
1275 1289 1335 1344 An-

202 1387 303 1458 tigono
324 1386 447 1444 infestus
468 1391 540 1443 erat.
583 1385 692 1455 Quodsi
712 1389 891 1455 reputamus,
918 1384 1020 1454 quanti
1040 1385 1102 1440 sine
1129 1382 1214 1441 dubio
1236 1382 1335 1441 Phila·

202 1480 300 1554 delphi
320 1481 494 1553 interfuerit,
517 1499 553 1539 ne
574 1485 705 1552 potestas
724 1481 913 1539 Macedoniae
933 1481 1025 1537 nimia
1045 1478 1136 1550 fieret,
1160 1479 1246 1536 facile
1268 1495 1334 1537 con-

203 1579 322 1637 cedetur
342 1579 399 1636 iam
415 1579 544 1650 pluribus
558 1579 641 1635 annis
662 1582 730 1634 ante
745 1579 780 1634 ab
803 1577 932 1635 amicitia
946 1577 1087 1649 Antigoni
1102 1592 1165 1633 eum
1180 1576 1334 1634 recessisse

202 1679 234 1734 et
264 1675 372 1732 favisse
404 1691 509 1733 causae
536 1675 721 1733 Graecorum.
763 1673 861 1746 Quare
889 1689 954 1731 cum
984 1679 1051 1746 post
1075 1672 1181 1744 Pyrrhi
1212 1678 1334 1730 mortem

203 1771 290 1846 (272)
313 1772 448 1829 celeriter
469 1770 637 1842 Antigonus
662 1786 802 1826 summam
828 1771 857 1827 in
880 1771 1004 1828 Graecia
1029 1770 1187 1843 potentiam
1213 1770 1335 1841 adipisci

200 1867 354 1939 inciperet,
387 1867 587 1925 verisimiliter
608 1872 736 1925 statuere
761 1867 832 1923 mihi
853 1866 955 1924 videor
974 1883 1032 1924 non
1052 1870 1118 1938 post
1138 1883 1163 1924 a.
1187 1867 1246 1923 270
1266 1864 1332 1923 Oel-

201 1968 296 2021 tarum
317 1980 433 2021 manum
453 1965 482 2020 in
504 1963 671 2035 Aegyptum
692 1962 813 2020 venisse.
855 1963 957 2032 Neque
983 1963 1097 2021 omnino
1118 1962 1268 2035 probabile
1289 1966 1334 2020 est

202 2059 288 2116 nimis
318 2061 405 2131 longo
436 2059 577 2131 temporis
608 2059 762 2118 intervallo
788 2065 855 2130 post
880 2060 1021 2131 proelium
1050 2060 1226 2132 Delphicum
1249 2061 1333 2116 Anti·

203 2173 318 2228 gonurn,
341 2157 446 2228 quippe
467 2157 517 2227 qui
531 2157 627 2214 multis
649 2155 784 2226 deinceps
798 2156 900 2228 pugnis
914 2161 1071 2227 occupatus
1086 2162 1170 2225 esset,
1192 2161 1237 2213 tot
1258 2173 1332 2213 mer-

202 2253 351 2310 cennarios
372 2285 410 2295 -
436 2256 520 2309 erant
534 2258 630 2309 autem
644 2251 705 2310 fere
719 2256 856 2322 quattuor
870 2252 952 2309 milia
975 2283 1009 2294 -
1024 2252 1194 2309 Ptolemaeo
1209 2251 1329 2310 misisse.

200 2349 301 2418 Itaque
315 2349 340 2406 si
354 2349 418 2419 quis
433 2348 623 2412 contenderit,
645 2349 778 2420 quoniam
793 2349 868 2406 bello
890 2364 952 2406 cum
968 2347 1082 2420 Pyrrho
1103 2357 1184 2420 gesto
1199 2365 1330 2420 magnam

199 2445 301 2503 virium
322 2450 435 2518 partem
456 2443 587 2504 Gonatas
607 2445 779 2518 perdiderit,
812 2462 849 2503 ne
869 2450 936 2517 post
957 2462 984 2505 a.
1006 2446 1065 2503 272
1086 2445 1200 2517 quidem
1221 2447 1258 2503 ah
1279 2446 1331 2504 illo

199 2541 301 2601 Gallus
323 2559 386 2601 esse
407 2542 521 2611 missos,
554 2559 676 2601 menon
702 2547 910 2615 repugnantem
935 2543 1062 2601 habebit.
1105 2543 1162 2601 Sed
1182 2543 1262 2600 volui
1283 2542 1331 2600 de·

200 2646 362 2696 monstrare
387 2639 464 2695 inter
485 2654 511 2696 a.
534 2640 591 2695 277
614 2644 644 2696 et
665 2639 724 2696 270
745 2643 856 2695 certum
882 2653 987 2695 annum
1013 2638 1107 2696 adhuc
1131 2639 1243 2697 definiri
1274 2655 1330 2697 non

236 2750 288 2792 sse.

198 2750 234 2805 po
279 2831 341 2889 Hos
362 2836 459 2888 autem
474 2831 570 2890 Celtas
591 2831 749 2890 scholiasta
770 2832 821 2891 ille
840 2832 931 2890 tradit
951 2833 1075 2890 voluisse
1095 2834 1143 2890 τοῦ
1158 2830 1329 2907 Πτολεμαίου

199 2926 342 3003 διαρπάσαι
362 2925 396 2984 τὰ
410 2927 548 3005 χρήματα.
584 2928 621 2985 Id
642 2934 760 2987 auctore
775 2928 921 2987 Pausania
942 2928 982 3003 (I,
1006 2932 1032 2998 7,
1055 2928 1088 3004 2)
1108 2928 1275 2988 factumest
1295 2945 1329 2987 eo

197 3024 260 3096 ipso
291 3030 434 3096 tempore,
466 3040 521 3096 quo
543 3024 727 3083 Ptolemaeus
754 3041 817 3083 cum
843 3026 934 3098 Maga
958 3026 1063 3084 bellum
1088 3026 1221 3097 gerebam
1254 3026 1330 3084 hunc

197 3120 272 3178 enim
294 3136 325 3178 se
347 3122 442 3179 subito
462 3122 651 3194 recipientem
676 3124 812 3193 persequi
832 3124 983 3182 Gallorum
1004 3123 1146 3182 seditione
1166 3124 1329 3195 prohibitus

197 3222 251 3276 est.
292 3216 359 3275 Hoc
385 3225 481 3275 autem
501 3218 618 3286 bellum,
645 3223 678 3275 ut
699 3234 787 3291 supra
808 3235 834 3290 p.
860 3221 896 3276 14
918 3236 959 3291 sq.
981 3221 1115 3292 exposui,
1147 3227 1243 3277 utrum
1264 3236 1329 3279 cum

197 3314 332 3386 Koeppio
354 3330 396 3371 ea.
419 3331 445 3371 a.
468 3316 526 3371 275
548 3330 586 3372 an
608 3330 672 3372 eum
685 3314 893 3375 Wiedemanno
914 3317 1001 3388 paulo
1022 3322 1090 3374 ante
1111 3333 1138 3376 a.
1161 3318 1219 3375 266
1240 3316 1329 3375 fuisse

196 3410 380 3468 statuendum
401 3411 448 3481 sit,
470 3411 555 3482 plane
577 3410 719 3469 incertum
741 3418 797 3483 est;
819 3428 989 3483 quamquam
1012 3429 1077 3470 mea
1097 3413 1231 3485 opinione
1251 3414 1329 3471 ueri·

195 3506 317 3563 similius
348 3505 420 3564 illud
450 3507 567 3579 ponitur
598 3521 683 3579 quam
713 3508 776 3567 hoc.
818 3509 961 3568 Ponamns
987 3526 1062 3566 nunc
1092 3512 1192 3568 statim
1217 3528 1244 3568 a.
1269 3507 1326 3567 277

196 3602 293 3661 Celtas
313 3604 344 3661 in
364 3605 529 3676 Aegyptum
551 3604 651 3663 missos
678 3622 755 3673 esse,
787 3606 887 3663 statim
917 3612 983 3679 post
1013 3607 1183 3673 seditionem
1215 3606 1324 3675 iecisse,

195 3700 293 3757 statim
315 3699 436 3771 denique
457 3706 524 3772 post
544 3700 752 3759 Callimachum
778 3703 915 3776 hymnum
936 3704 1097 3775 scripsisse,
1130 3710 1253 3775 apparet
1273 3705 1327 3760 hoc

195 3795 303 3853 iactum
329 3812 392 3854 esse
422 3811 480 3853 non
505 3801 572 3854 aute
599 3812 624 3853 a
649 3798 717 3856 276.
758 3797 812 3856 Sin
831 3806 928 3856 autem
955 3798 1062 3856 bellum
1087 3816 1151 3857 cum
1173 3800 1261 3871 Maga
1281 3814 1322 3856 ca.

195 3908 220 3948 a.
244 3892 301 3949 266
328 3898 437 3963 gestum
464 3900 521 3961 est,
553 3893 596 3950 ita
620 3900 653 3950 ut
684 3896 890 3965 mercennarii,
924 3913 987 3953 cum
1019 3899 1164 3974 κατασχεῖν
1191 3896 1324 3971 Αἴγυπτον

195 3985 309 4062 (Paua.)
334 3989 454 4056 vellent,
486 3990 544 4048 iam
575 3990 691 4061 aliquod
716 3997 832 4064 tempus
857 3993 935 4064 apud
958 3993 1155 4052 Ptolemaeum
1181 3994 1325 4067 stipendia

193 4084 374 4155 meruissent,
395 4085 425 4142 id
446 4085 521 4156 quod
539 4084 603 4143 fieri
624 4086 753 4159 potuisse
774 4086 878 4161 negari
891 4089 999 4161 nequit,
1022 4090 1143 4161 hymnus
1164 4108 1207 4149 ca.
1223 4106 1249 4150 a.
1265 4093 1325 4150 264
