3217 4950
697 533 910 596 ..25-

241 726 337 779 taeum
359 738 396 778 an
417 721 586 794 Lycaeum>
628 722 675 780 Sic
701 723 776 781 enim
797 721 845 781 καί
868 722 1013 795 particula
1033 723 1231 795 intellegenda
1255 728 1312 793 est,
1344 729 1378 780 ut

243 818 329 875 alteri
350 817 575 890 interrogationi
601 819 723 878 alteram
743 819 893 890 adnectat3
918 819 999 877 velut
1020 817 1179 892 Sophocles
1199 819 1311 889 Oedipo
1333 820 1376 877 in·

241 914 404 986 terroganti
425 913 470 971 τὸν
492 911 577 990 ἄνδρα
597 911 666 972 τόνδ’
689 911 736 972 οὖν
763 911 842 972 οἶσθα
862 913 929 992 τῇδέ
949 936 1002 971 που
1030 913 1129 990 μαθών
1154 915 1376 987 respondentem

241 1008 397 1086 θεράποντα
410 1009 495 1068 facit:
516 1009 543 1068 τί
554 1014 651 1088 χρῆμα
666 1013 786 1088 δρῶντα;
808 1013 884 1069 ποῖον
900 1008 983 1088 ἄνδρα
997 1010 1044 1070 καὶ
1059 1010 1143 1085 λέγεις
1156 1012 1204 1086 (O.
1219 1013 1253 1070 R.
1272 996 1376 1087 1129');

241 1103 275 1164 cl.
298 1107 386 1164 etiam
411 1107 512 1179 Earip.
534 1107 631 1180 Iphig.
653 1106 723 1168 Aul.
747 1109 840 1176 1192;
872 1107 931 1165 alia
951 1108 1037 1165 huius
1061 1125 1130 1166 usus
1153 1110 1284 1181 exempla
1310 1125 1377 1166 con-

240 1202 331 1274 gessit
356 1201 394 1261 A.
422 1201 650 1279 Ohlebowshi¹),
682 1219 854 1275 quamquam
885 1221 943 1262 non
973 1204 1071 1263 omnia
1096 1204 1207 1262 iaciunt
1239 1206 1276 1263 ad
1306 1222 1378 1263 rem.

241 1299 384 1358 Dubitare
405 1299 498 1372 igitur
518 1317 549 1358 se
564 1299 647 1372 lingit
661 1305 759 1373 poeta,
779 1305 877 1358 utrum
898 1299 1032 1358 increta
1052 1317 1090 1358 an
1110 1300 1141 1357 in
1155 1300 1286 1360 Arcadia
1307 1301 1377 1359 deus

241 1401 326 1455 natus
347 1397 387 1456 sit
407 1397 531 1472 (5-7);
563 1395 613 1456 sed
635 1414 699 1455 cum
725 1396 842 1456 aliunde
862 1397 1054 1456 demonstrari
1079 1398 1172 1470 possit
1192 1395 1294 1455 Cretes
1315 1414 1377 1456 esse

240 1493 391 1552 mendaces
412 1491 534 1570 (Κρῆτες
559 1493 601 1551 ἀεὶ
627 1495 752 1570 peteras
784 1492 819 1552 ci.
845 1494 978 1567 Epimen.
1000 1494 1059 1566 lrg.
1087 1496 1119 1566 5,
1152 1511 1181 1566 p.
1209 1494 1268 1551 234
1299 1494 1378 1566 apud

240 1589 389 1665 Kirkel.),
415 1595 521 1662 restat,
543 1595 576 1648 ut
597 1591 728 1664 Iuppiter
752 1591 792 1649 sit
812 1591 958 1664 Lycaeus,
992 1591 1020 1649 h.
1043 1607 1067 1649 e.
1089 1593 1120 1649 in
1139 1590 1272 1649 Arcadia
1291 1596 1377 1649 natus

241 1686 376 1762 (7-10).
418 1688 513 1758 Quare
532 1686 599 1746 inde
620 1704 638 1745 a
657 1689 754 1747 vs.10
774 1688 870 1746 verbis
891 1686 920 1744 ἐν
942 1687 972 1745 δέ
993 1709 1023 1745 σε
1042 1686 1182 1765 Παρρασίη
1200 1685 1277 1763 Ῥείη
1299 1687 1377 1746 τέκεν

242 1784 344 1857 incipit
370 1801 507 1843 enarrare
528 1785 605 1843 Iovis
631 1790 739 1842 natum.
781 1783 933 1843 Particula
958 1789 1055 1842 autem
1077 1783 1107 1841 δέ
1127 1786 1158 1842 in
1178 1801 1220 1843 vs.
1246 1787 1282 1842 10
1303 1800 1377 1855 quae

241 1884 399 1951 sequuntur
419 1886 483 1938 arte
504 1881 638 1953 adiungit
658 1881 892 1939 antecedentibus
917 1886 947 1939 et
968 1882 1064 1952 aliquo
1085 1881 1169 1938 modo
1192 1882 1323 1954 opponit:
1346 1882 1377 1938 in

242 1974 333 2034 Creta
354 1977 468 2048 quidem
488 1982 528 2047 tu,
550 1978 690 2051 Iuppiter,
712 1983 797 2036 natus
811 1995 868 2036 non
890 1995 934 2038 es:
956 1977 1139 2048 nequeenim
1159 1975 1376 2035 fideshabeuda

243 2079 289 2132 est
310 2073 457 2140 Oretihus;
478 2075 564 2132 immo
586 2074 616 2133 in
631 2075 767 2147 Arcadia,
790 2075 820 2132 in
843 2074 1081 2144 ,Parrhasiornm
1102 2073 1233 2131 dicione“
1249 2073 1374 2148 (Mein),

241 2171 325 2228 Rhea
345 2175 375 2228 te
396 2172 523 2244 peperit:
557 2170 585 2228 ἐν
607 2171 637 2230 δέ
658 2193 688 2228 σε
709 2170 850 2248 Παρρασίη
868 2168 945 2246 Ῥείη
967 2169 1054 2228 τέκεν.
1097 2168 1147 2228 Sic
1166 2169 1233 2227 iude
1255 2186 1273 2227 a
1293 2185 1333 2226 vs.
1359 2173 1372 2227 l

241 2282 330 2337 usqne
351 2267 389 2325 ad
409 2284 451 2326 vs.
476 2270 512 2327 10
539 2274 570 2326 et
589 2269 701 2342 longius
732 2267 835 2326 deinde
861 2268 955 2325 oratio
987 2265 1120 2339 procedit
1144 2267 1174 2323 in
1200 2267 1263 2338 ipso
1290 2283 1377 2338 argu-

244 2368 340 2420 mento
362 2364 505 2422 narrando
531 2365 617 2423 nullis
637 2365 764 2422 versibus
790 2363 971 2436 praemissis,
1003 2364 1051 2434 qui
1073 2363 1213 2435 prooemii
1238 2363 1302 2419 loco
1324 2378 1376 2433 per

244 2477 275 2519 se
295 2459 351 2518 soli
371 2464 423 2518 aut
442 2461 513 2535 poni
539 2462 649 2535 possint
670 2467 720 2520 aut
746 2461 895 2535 explicari.
935 2461 1039 2532 Neque
1063 2461 1136 2519 haec
1155 2459 1232 2517 ratio
1254 2457 1338 2515 abest
1359 2475 1378 2516 a

241 2573 321 2615 more
335 2555 541 2630 Callimacheo,
566 2575 652 2632 quem
669 2560 783 2631 quidem
804 2574 840 2615 ex
853 2558 967 2628 hymnis
980 2558 1120 2616 novimus.
1161 2558 1236 2615 Nam
1250 2557 1376 2615 Dianam

241 2654 283 2711 sie
303 2653 405 2726 incipit
425 2654 586 2713 celebrare:
603 2652 735 2732 Ἄρτεμιν
750 2686 787 2696 -
803 2652 939 2729 ὑμνέομεν
951 2688 988 2696 -
1002 2651 1140 2731 ἄρχμενος
1160 2653 1199 2718 ὡς
1213 2652 1261 2710 ὅτε
1275 2651 1376 2728 πατρὸς

242 2748 392 2827 ἐφεζομένη
413 2748 553 2824 γονάτεσοι
572 2754 634 2815 παῖς
655 2753 693 2809 ἔτι
711 2749 872 2827 κουρίζουσα
895 2749 961 2808 τάδε
985 2750 1127 2827 προςέειπε
1147 2752 1241 2825 γονῆα.
1280 2751 1376 2821 Atque

241 2847 416 2905 insecundo
437 2848 543 2921 hymno
569 2849 680 2921 primus
700 2864 801 2907 versus
827 2849 928 2905 statim
947 2847 1042 2905 medio
1068 2848 1098 2905 in
1119 2849 1288 2919 argumento
1314 2861 1375 2903 ver·

241 2947 335 3011 setun
357 2943 392 3002 of.
416 2947 443 3014 5,
468 2949 494 3003 1.
517 2946 544 3014 6,
568 2948 593 3003 l.

318 3040 404 3101 Nunc
424 3042 462 3100 ad
476 3043 663 3101 Theocritum
683 3058 736 3101 nos
757 3046 965 3113 convertamus,
989 3042 1038 3113 qui
1058 3041 1088 3099 in
1109 3058 1133 3099 c.
1149 3040 1237 3099 XVII
1257 3040 1299 3098 sio
1313 3040 1374 3098 fere

239 3138 404 3197 exorditur:
426 3142 460 3197 ut
474 3155 492 3197 a
505 3139 574 3198 Iove
595 3138 767 3212 principium
783 3143 872 3197 estet
891 3138 922 3196 in
935 3138 1005 3197 Iove
1026 3138 1100 3210 finis,
1126 3138 1151 3196 si
1169 3137 1375 3195 immortalium

239 3234 378 3306 optimum
410 3236 600 3305 celebramus,
632 3237 675 3296 ita
695 3234 894 3304 Ptolemaeus,
926 3251 982 3306 quo
1012 3235 1157 3292 hominum
1181 3250 1265 3291 nemo
1290 3248 1375 3307 prae·

240 3331 348 3390 clarior
368 3335 412 3391 est
434 3332 462 3407 (ὁ
483 3332 533 3409 γὰρ
554 3331 771 3410 προφερέστατος
791 3327 946 3409 ἀνδρῶν)’),
974 3332 1005 3389 in
1025 3330 1145 3389 exordio
1170 3330 1304 3389 carminis
1324 3346 1375 3403 po·

238 3432 327 3486 natur
347 3433 377 3486 et
397 3429 428 3487 in
448 3429 503 3487 fine
525 3434 555 3487 et
575 3430 605 3487 in
625 3430 720 3488 medio
741 3429 856 3505 (1-4).
899 3429 954 3500 Qui
973 3444 1074 3486 versus
1093 3432 1230 3498 quantum
1251 3425 1374 3485 aOalli-

239 3526 341 3583 macho
363 3526 471 3583 distent
485 3531 621 3599 apparet:
644 3544 690 3597 an,
713 3527 849 3597 quoniam
869 3525 917 3584 hic
937 3524 1022 3583 dicit:
1045 3525 1075 3581 in
1095 3524 1173 3581 Iovis
1187 3523 1374 3582 libationibus

238 3622 372 3695 Iuppiter
392 3624 551 3682 cantandus
572 3628 624 3693 cst,
647 3622 818 3681 Theocritus
839 3628 937 3680 antem
951 3620 1197 3693 comparationem
1210 3618 1282 3677 facit
1296 3620 1374 3677 inter

239 3718 337 3777 Iovem
359 3725 389 3778 et
402 3719 610 3794 Ptolemaeum,
633 3723 709 3780 hunc
730 3737 794 3780 cum
808 3718 962 3792 Hempelio
982 3717 1147 3790 putabimus
1166 3716 1297 3775 versibus
1314 3719 1326 3774 1
1344 3722 1375 3775 et

311 3871 332 3938 ¹)
354 3870 412 3937 ,De
435 3868 503 3925 Call.
523 3870 625 3941 hymno
644 3869 673 3923 in
691 3868 812 3937 Iovem“,
831 3884 925 3938 progr.
943 3866 1052 3923 Rdssel.
1072 3868 1150 3935 1879,
1168 3882 1196 3935 p.
1215 3867 1232 3920 8
1251 3881 1293 3935 sq.
1305 3893 1337 3903 -

310 3958 332 4027 ¹)
353 3956 461 4030 ἀνδρῶν,
481 3959 555 4030 quod
572 3959 603 4013 in
621 3958 700 4015 libris
719 3956 801 4027 vulgo
814 3957 926 4026 legitur,
945 3956 1113 4011 servandum
1126 3971 1188 4010 esse
1206 3970 1257 4025 pro
1276 3952 1373 4021 elluo,

241 4046 315 4118 quod
344 4047 483 4117 scribunt,
510 4047 652 4102 Vahlenus
682 4046 712 4115 (l.
731 4045 750 4101 l.
774 4062 800 4116 p.
826 4048 870 4112 16)
898 4044 1069 4113 observavit,
1097 4042 1146 4115 qui
1173 4043 1208 4099 de
1235 4044 1295 4098 toto
1322 4042 1375 4097 hoc

239 4137 383 4205 prooemio
411 4135 552 4191 subtiliter
580 4138 608 4189 et
635 4134 747 4204 copiose
766 4134 928 4203 disputavit.
946 4164 983 4173 —
1004 4131 1045 4188 Ol.
1063 4132 1176 4201 Zettel.,
1204 4130 1289 4189 matt.
1309 4128 1328 4183 f.
1347 4129 1374 4184 d.

239 4220 335 4293 bayer.
356 4225 456 4297 Gymn.
478 4228 519 4295 10,
541 4226 617 4293 1874,
636 4241 663 4294 p.
685 4224 734 4279 115
754 4239 841 4293 sq.-
