3217 4950
692 527 915 590 ...36-

240 716 389 788 utriusque
405 718 504 789 hymni
519 722 690 790 argumento
705 733 824 789 prorsus
838 717 964 776 diverso:
980 715 1172 774 Callimachus
1186 717 1263 774 enim
1277 718 1375 775 Iovem

240 813 443 872 celebrandum
469 813 525 871 sibi
545 813 683 886 proponit
709 818 738 870 et
759 813 789 869 in
810 813 865 870 hac
885 830 917 872 re
938 813 974 870 ad
997 812 1180 887 Philadelphi
1201 815 1375 872 mentionem

240 909 406 972 deducitur:
434 909 607 967 Theocritus
633 910 663 966 in
683 910 745 966 solo
766 925 836 980 rege
857 909 1048 968 cohaudando
1073 914 1152 968 totus
1173 920 1311 968 versatur.
1335 943 1374 952 -

321 1006 448 1064 Transeo
469 1023 544 1064 nunc
565 1007 601 1064 ad
616 1007 751 1078 hymnum
772 1006 803 1064 in
816 1005 922 1064 Delum
939 1007 1086 1078 scriptum,
1108 1023 1144 1064 cx
1159 1023 1213 1077 quo
1234 1007 1375 1080 imprimis

244 1103 316 1160 duos
329 1103 408 1160 locos
422 1103 595 1161 Theocritus
608 1103 638 1159 in
654 1103 753 1160 eodem
767 1119 792 1159 o.
806 1102 898 1161 XVII
911 1103 1087 1175 expressisse
1103 1103 1218 1160 dicitur.
1247 1100 1375 1160 Primum

240 1199 315 1256 enim
330 1197 524 1257 Callimachus
544 1204 647 1256 111111
660 1199 826 1271 Apollinem
847 1200 972 1257 nondum
991 1200 1022 1256 in
1042 1199 1135 1257 lucem
1153 1199 1261 1256 editum
1282 1198 1375 1274 (εἰσέτι

239 1291 347 1371 γαστέρι
369 1293 462 1369 μάντιν
481 1295 550 1370 189)
570 1295 714 1353 Latonam
728 1302 858 1368 matrem,
881 1312 945 1353 cum
967 1296 1083 1352 summis
1103 1294 1248 1353 doloribus
1269 1301 1375 1353 vexata

238 1391 299 1450 Con
319 1391 442 1450 insulam
456 1392 557 1462 adiret,
580 1393 741 1461 retinuisse,
764 1409 799 1449 ne
813 1393 869 1450 hac
890 1394 919 1450 in
941 1393 1035 1450 insula
1058 1409 1089 1449 se
1103 1397 1229 1463 pareret,
1253 1409 1317 1450 oum
1337 1391 1373 1451 de

241 1487 407 1545 Ptolemaeo
434 1485 485 1561 (cf.
507 1504 548 1546 vs.
574 1488 643 1563 188)
669 1489 879 1546 vaticinaretur
905 1489 973 1546 huic
999 1489 1110 1546 insulae
1136 1487 1268 1545 fortunae
1294 1494 1374 1546 sorte

240 1585 328 1642 alium
351 1585 433 1642 deum
455 1584 567 1654 deberi,
599 1584 749 1662 σαιντήριιιν
780 1582 882 1642 ὕπατον
913 1583 990 1658 γένος
1016 1583 1090 1658 (165
1116 1584 1208 1659 squ),
1239 1584 1268 1640 in
1294 1585 1374 1642 cuius

239 1686 414 1754 potestatem
440 1688 470 1740 et
490 1683 559 1740 Asia
585 1689 614 1739 et
635 1681 734 1740 Africa
759 1678 915 1759 (ἀμφοτέρη
942 1681 1082 1756 μεσόγεια)
1112 1687 1251 1741 venturae
1278 1687 1374 1740 essent

240 1783 271 1836 et
291 1785 387 1836 terrae
409 1779 525 1836 inmari
543 1779 699 1838 1111111.
721 1780 832 1838 insulae
855 1777 899 1853 (αἳ
916 1775 1060 1851 πελάγεσσι
1073 1775 1220 1853 κάθηνται)
1241 1777 1278 1834 ab
1297 1778 1373 1835 0111-

243 1877 328 1934 dente
349 1893 438 1946 usque
461 1877 498 1934 ad
519 1876 668 1934 orientem.
704 1874 845 1934 Similiter
866 1877 1035 1934 Theocritus
1057 1880 1123 1948 post
1143 1875 1270 1947 singulas
1290 1874 1374 1945 regni

244 1979 343 2046 partes
365 1975 546 2030 enumeratas
568 1972 650 2028 dicit:
674 1969 799 2029 θάλασσα
815 1971 845 2028 δὲ
865 1974 939 2030 πᾶσα
959 1971 1005 2030 καὶ
1026 1969 1071 2028 αἶα
1085 1970 1131 2030 καὶ
1148 1969 1267 2045 ποταμοὶ
1287 1967 1373 2028 κελά-

240 2071 332 2130 δοντες
358 2064 517 2125 ἀνάσσονται
539 2065 701 2144 Πτολεμαίῳ
729 2067 778 2142 (91
809 2070 876 2143 sq.).
918 2069 952 2127 ln
977 2068 1024 2125 his
1054 2084 1226 2138 quamquam
1250 2071 1372 2137 uterque

239 2182 307 2223 sane
328 2165 460 2223 veritatis
478 2163 549 2220 fines
567 2164 692 2235 transiit,
715 2168 813 2221 tamen
832 2163 1041 2223 Callimachum
1061 2165 1177 2235 longius
1199 2167 1286 2222 etiam
1307 2180 1372 2235 pro·

238 2261 358 2320 cessisse
379 2277 461 2318 nemo
483 2261 612 2332 negabit.
654 2260 765 2318 Deinde
779 2260 856 2332 ¹quod
871 2262 906 2319 de
919 2262 1020 2320 eodem
1042 2277 1113 2332 rega
1134 2278 1166 2318 re
1179 2276 1251 2318 vera
1270 2264 1385 2332 poten.

239 2357 350 2442 tissimo
372 2361 475 2429 poetae
507 2357 562 2428 duo
594 2359 729 2429 aequales
751 2357 950 2416 Alexandriae
975 2359 1006 2416 in
1031 2359 1097 2416 aula
1122 2358 1233 2416 versati
1257 2357 1372 2428 imperii

237 2453 467 2526 magnitudinem
487 2454 621 2513 laudibus
635 2454 766 2523 efferunt,
788 2455 950 2527 hocusque
965 2455 1068 2513 mirum
1090 2459 1186 2513 est-
1201 2454 1372 2513 miraremur

240 2551 351 2624 potius,
379 2551 403 2609 si
425 2551 460 2608 de
481 2552 536 2609 hac
555 2568 588 2609 re
609 2551 795 2609 dissentirent
818 2584 853 2595 -
876 2567 969 2623 neque
989 2551 1097 2609 sufficit
1122 2552 1159 2608 ad
1180 2551 1371 2609 imitationem

238 2648 406 2706 eruendam:
440 2648 553 2706 eruitur
573 2654 634 2705 tum
656 2650 781 2719 demum,
806 2666 870 2707 cum
891 2650 981 2707 verba
1002 2648 1123 2706 alterius
1142 2649 1178 2704 ab
1200 2648 1293 2705 altero
1320 2647 1371 2705 de·

237 2745 362 2818 pendere
384 2751 520 2817 apparet3
542 2745 619 2815 quod
641 2746 781 2817 quomodo
803 2746 852 2803 hic
872 2746 1063 2803 demonstrari
1077 2746 1177 2817 possit,
1199 2760 1257 2801 non
1277 2744 1368 2802 video.

238 2874 275 2883 -
298 2841 360 2911 Quo
382 2841 417 2898 de
448 2842 513 2899 loco
545 2842 571 2897 si
597 2846 676 2899 recte
706 2841 845 2912 iudicavi,
877 2841 1013 2898 iudicium
1041 2841 1125 2898 simul
1148 2840 1182 2898 fit
1213 2841 1249 2899 de
1274 2841 1371 2898 verbis

238 2937 252 2993 ὁ
273 2934 295 2993 δ’
320 2936 417 2995 εἴσεται
437 2934 509 3012 ἤθεα
529 2937 639 3014 πατρός.
681 2936 764 3010 Quod
785 2938 861 2995 enim
882 2938 1055 2996 Theocritus
1076 2954 1140 2995 oum
1161 2942 1282 2995 externa
1300 2953 1371 3008 qua·

238 3035 303 3091 dam
325 3034 522 3092 similitudinis
536 3036 632 3106 specie
654 3034 689 3091 de
702 3034 879 3106 Ptolemaeo,
902 3036 1012 3108 patriae
1026 3041 1124 3092 tutore
1138 3035 1245 3092 Martis
1265 3034 1369 3107 perito,

237 3128 390 3204 profitetur
411 3127 435 3207 qi
457 3128 589 3208 ἐπίπαγχυ
611 3128 689 3205 μέλει
709 3131 834 3208 πατρώια
853 3129 941 3189 πάντα
962 3128 1105 3208 φυλάσσειν
1127 3129 1162 3188 οἷ’
1177 3128 1273 3207 ἀγαθῷ
1294 3132 1371 3205 βασι-

238 3230 288 3304 λῆι,
311 3226 345 3285 τὰ
367 3226 396 3284 δὲ
418 3225 581 3292 κτεατίζεται
604 3226 683 3291 αὐτός
703 3229 776 3302 (104
797 3245 853 3300 sq.;
880 3227 914 3285 cf.
937 3230 1026 3286 etiam
1047 3244 1088 3285 vs.
1112 3228 1178 3302 63),
1203 3244 1262 3285 uon
1281 3227 1371 3284 inusi-

237 3329 299 3381 tate
320 3324 354 3381 de
374 3324 520 3396 praeclari
539 3325 633 3395 patris
654 3322 729 3394 filio,
761 3340 847 3395 quam
867 3325 946 3383 illius
967 3323 1070 3382 similis
1095 3324 1146 3394 sit,
1174 3324 1369 3395 praedicatur,

237 3435 290 3478 nec
323 3420 466 3479 inutiliter
496 3420 590 3493 patris
615 3421 773 3479 similitudo
794 3427 983 3479 memoratur:
1015 3422 1112 3497 παῦροι
1136 3416 1186 3496 γάρ
1211 3440 1253 3476 τοι
1277 3420 1371 3481 παῖδες

237 3516 329 3591 ὁμοῖοι
348 3515 428 3595 πατρὶ
448 3513 576 3575 πέλονται
597 3517 696 3593 (Hom.
720 3519 734 3593 β
757 3517 837 3591 276).
880 3516 978 3575 Verbo
998 3518 1054 3576 hoc
1080 3532 1192 3587 quoque
1217 3522 1371 3588 tangama

237 3611 416 3672 Callimacho
438 3614 658 3685 Philadelphum
689 3615 832 3687 appellari
856 3613 922 3672 θεόν
943 3614 1040 3689 (115),
1073 3628 1156 3685 quem
1188 3612 1225 3669 ad
1250 3612 1370 3683 gradum

236 3709 404 3767 blandiendi
425 3710 596 3770 Theocritus
617 3727 675 3768 non
695 3712 832 3769 ascendit

317 3806 402 3863 Alter
422 3807 510 3878 locus,
533 3823 617 3878 quem
638 3808 777 3867 imitando
793 3811 967 3881 expressisse
981 3809 1123 3879 arguitur,
1147 3807 1195 3864 hic
1208 3810 1267 3863 est:
1288 3811 1369 3877 post-

237 3917 322 3971 quam
344 3903 447 3974 Apollo
474 3904 503 3960 in
529 3905 622 3962 lucem
645 3904 740 3963 editus
762 3910 805 3963 est
832 3904 962 3982 (ἔκθορεν
984 3905 1071 3979 255),
1101 3903 1245 3975 nymphae
1266 3901 1370 3960 Deliae

237 4013 351 4055 sacrum
372 4014 487 4057 carmen
515 4001 682 4057 cecinerunt
703 4006 891 4069 tartaraco,
923 4006 957 4059 ut
976 4017 1062 4058 sonos
1087 4000 1188 4058 aether
1207 4002 1368 4058 resonaret.

237 4093 310 4151 Tum
330 4109 367 4151 ne
389 4093 459 4151 Iuno
481 4094 597 4165 quidem
624 4096 696 4153 iram
716 4096 849 4155 Latonae
876 4096 1019 4174 servarit3
1045 4098 1142 4155 omnia
1166 4096 1218 4153 illo
1239 4100 1369 4167 tempore

237 4193 269 4247 et
288 4189 318 4247 in
333 4190 406 4248 Delo
427 4192 491 4262 ipsa
512 4196 541 4248 et
564 4192 641 4249 circa
662 4208 725 4249 eam
745 4208 816 4249 auro
836 4191 987 4264 fulgebant
1007 4196 1038 4249 et
1057 4191 1257 4259 abundabant;
1278 4192 1370 4251 Delus
