3217 4950
705 530 924 593 ..13-

328 719 384 778 Sed
409 719 508 778 videor
533 718 603 776 mihi
626 719 791 792 probavisse
819 735 935 778 carmen
958 717 1035 777 XVI
1058 719 1197 791 scriptum
1222 736 1283 778 esse
1308 723 1375 778 ante

250 831 274 874 c.
288 814 414 891 XVII¹).
456 815 536 888 Quae
549 815 640 888 igitur
654 816 685 874 in
705 816 831 874 carmine
852 815 903 872 illo
920 815 1002 873 dicit:
1025 813 1133 891 δίζημαι
1155 814 1176 873 δ’
1191 815 1256 874 dces
1268 815 1375 874 θνατῶν

248 911 443 990 κεχαρισμένος
464 911 536 970 ἔνθα
558 913 604 970 σὺν
626 910 737 976 Μοίσαις
757 911 811 987 (68
829 912 897 988 eq),
920 911 956 971 ab
976 911 1103 971 Hierone
1127 911 1238 972 frmtra
1261 912 1374 987 petivit,

252 1009 421 1082 impetravit
440 1026 459 1067 e
478 1006 680 1084 Ptolemaeo²).

327 1105 429 1177 Itaque
460 1122 524 1165 cum
551 1122 666 1164 carmen
690 1106 760 1163 XVI
786 1106 974 1179 compositum
1004 1106 1044 1164 sit
1067 1106 1144 1165 inter
1169 1108 1228 1166 274
1254 1111 1284 1165 et
1308 1107 1375 1174 270,

249 1220 306 1262 non
325 1203 404 1260 ultra
423 1219 450 1260 a.
473 1203 533 1261 270
552 1202 651 1262 licebit
671 1219 777 1276 ponere
798 1203 960 1271 terminum,
987 1208 1157 1276 postquem
1179 1203 1318 1277 scriptum
1338 1203 1377 1262 sit

251 1317 275 1358 o.
297 1298 397 1368 XVII;
418 1316 486 1358 nam
507 1299 619 1358 etiamsi
639 1315 666 1359 a.
680 1300 739 1358 274
753 1299 927 1359 Theocritus
947 1316 1063 1358 carmen
1078 1299 1154 1360 XVI
1174 1300 1376 1373 composuerit,

248 1411 305 1454 nou
328 1396 483 1455 verisimile
514 1401 560 1454 est
584 1412 648 1454 eum
668 1412 718 1468 spe
751 1413 804 1455 sua
829 1397 861 1455 in
887 1396 989 1456 Sicilia
1014 1397 1155 1456 deiectum
1179 1396 1377 1456 Ptolemaeum

252 1493 351 1552 statim
373 1493 501 1552 encomio
517 1493 635 1563 adiisse3
657 1494 753 1566 potius
766 1509 874 1568 paucos
894 1509 984 1552 annos
1004 1510 1120 1553 carmen
1140 1494 1217 1554 iuter
1237 1494 1377 1554 decimum

251 1595 362 1650 sextum
383 1594 413 1648 et
434 1590 585 1663 septimum
606 1590 801 1650 intercessisse
821 1589 908 1648 facile
928 1591 1102 1662 putabimus.

328 1685 467 1746 Videmus
492 1703 579 1759 nunc,
611 1687 673 1746 sive
698 1704 724 1745 a.
751 1687 809 1744 276
842 1687 960 1760 nuptiae
987 1687 1127 1746 Arsinoae
1156 1686 1285 1754 fuerunt,
1315 1686 1375 1745 sive

249 1787 362 1857 postea,
395 1800 459 1842 curn
479 1788 545 1857 post
565 1801 591 1842 a.
614 1785 672 1843 270
694 1800 744 1842 eas
768 1801 827 1842 non
847 1782 934 1842 fuisse
954 1783 1026 1842 satis
1046 1787 1170 1854 constet,
1201 1785 1239 1842 ab
1259 1783 1376 1842 illarum

247 1885 342 1939 aetate
368 1897 424 1938 non
450 1881 546 1939 omnia
565 1880 691 1954 pendere
715 1880 753 1939 ad
776 1881 911 1939 carminis
932 1881 1017 1938 XVII
1041 1885 1154 1954 tempus
1173 1880 1375 1953 indagandum.

248 2011 284 2020 -
307 1977 414 2052 Quodsi
434 1982 536 2052 postea
555 1976 678 2036 fortasse
705 1993 836 2036 eruamus
857 1992 974 2034 carmen
994 1977 1079 2035 XVII
1098 1977 1220 2050 propius
1239 1975 1375 2034 accedere

248 2073 285 2132 ad
311 2091 337 2132 a.
360 2075 419 2133 270
445 2075 650 2134 etsiverum
681 2074 720 2132 sit
744 2074 860 2147 nuptias
884 2075 973 2132 fuisse
998 2090 1024 2133 a.
1046 2074 1101 2132 271
1135 2074 1183 2133 vel
1210 2074 1277 2144 270,
1308 2073 1375 2132 inde

248 2187 318 2229 sane
339 2169 518 2242 efficeretur,
549 2176 583 2229 ut
604 2187 718 2230 mrmen
738 2171 837 2230 statIm
861 2176 927 2244 post
947 2171 1012 2229 illas
1032 2171 1127 2236 fieret;
1158 2176 1191 2229 at
1211 2169 1376 2230 efficeretur

247 2267 278 2326 id
298 2267 397 2326 causis
413 2267 487 2336 ahie,
509 2285 566 2326 non
587 2268 637 2340 eis,
659 2283 730 2339 ques
751 2283 839 2340 supra
858 2266 981 2326 refutavi
1002 2267 1109 2326 inanes.
1124 2300 1163 2308 —
1260 2296 1262 2299 ·

330 2362 451 2421 Carmen
472 2362 557 2423 XVII
583 2364 771 2437 composItum
796 2368 842 2422 est
861 2369 927 2437 post
951 2380 977 2422 a.
1002 2365 1070 2422 270.
1115 2361 1222 2423 Altera
1247 2365 1375 2436 quaestio

249 2463 300 2533 est,
323 2477 379 2532 quo
401 2476 474 2519 anno
495 2460 551 2531 vel,
572 2461 596 2520 si
618 2460 710 2519 minue
729 2461 783 2519 hoc
804 2460 877 2519 scire
898 2476 1056 2533 possumus,
1078 2465 1145 2519 ante
1166 2478 1251 2534 quem
1270 2478 1376 2521 annum

249 2556 388 2630 scriptum
408 2557 454 2615 sit.
497 2556 673 2616 Eversibus
695 2557 769 2615 enim
791 2558 830 2616 53
850 2573 921 2630 sqq,
952 2557 1106 2628 inquibus
1130 2558 1166 2616 de
1185 2556 1375 2631 Philadelpho

249 2654 280 2712 in
299 2655 391 2712 lucem
412 2654 489 2712 edito
510 2654 606 2725 agitur
626 2658 657 2711 et
678 2653 819 2727 imprimis
839 2653 875 2712 de
895 2652 937 2711 Co
959 2654 1065 2726 insula,
1097 2655 1127 2712 in
1148 2672 1203 2727 qua
1223 2645 1273 2713 ille
1293 2660 1377 2714 natue

249 2755 302 2821 est,
324 2751 453 2809 nonnulli
465 2750 522 2808 uiri
542 2750 621 2809 docti
641 2750 721 2808 volut
733 2750 928 2809 Buechelcrus
949 2752 1150 2810 concluserunt
1170 2769 1194 2811 c.
1209 2752 1301 2813 XVII
1320 2769 1375 2811 non

249 2863 332 2922 posse
347 2847 534 2919 compositum
549 2863 611 2906 esse
625 2852 691 2923 post
704 2864 831 2922 pugnam
844 2849 926 2907 illem
937 2848 1034 2921 Coam,
1051 2865 1107 2921 qua
1120 2850 1205 2909 classi
1218 2849 1379 2911 Ptolemaei

250 2947 287 3004 ab
317 2945 465 3017 Antigono
495 2944 610 3003 (donate
641 2944 753 3003 cladem
783 2962 841 3004 non
872 2962 991 3019 parvam
1020 2946 1141 3005 inlatam
1172 2963 1235 3007 esee
1263 2952 1379 3007 constat

252 3042 407 3117 (Droysen.
434 3058 462 3115 p.
485 3042 541 3099 241
564 3058 608 3113 eq.
630 3042 685 3101 271
714 3044 799 3117 sqq).
841 3042 868 3102 Ε
900 3046 966 3103 eunt
985 3058 1049 3101 meo
1074 3059 1159 3101 sensu
1183 3060 1241 3102 nou
1263 3060 1379 3117 prorsus

251 3140 328 3211 falsi,
350 3140 399 3211 qui
417 3139 460 3199 ita
478 3138 618 3198 iudicant.
652 3139 732 3198 Dicit
756 3140 832 3199 enim
847 3158 890 3200 vs.
903 3141 942 3199 58
956 3156 1011 3212 sq:
1034 3138 1083 3200 καί
1100 3162 1130 3198 σε
1151 3138 1235 3204 Κόως
1255 3138 1378 3200 ἀτίταλλε

251 3236 349 3323 βρέφος
374 3235 509 3311 νεογιλλὸν
535 3234 614 3293 ἐόντα
642 3234 775 3311 δεξαμένα
800 3235 874 3315 παρὰ
895 3236 1008 3315 ματρός,
1041 3235 1087 3295 ὅτε
1112 3236 1223 3314 πρώταν
1249 3237 1303 3301 ἴδες
1323 3236 1378 3309 deq
1442 3293 1444 3296 .

251 3339 282 3392 et
297 3336 335 3393 64
351 3350 406 3405 sq:
429 3331 513 3397 Κόως
527 3330 548 3389 δ’
564 3330 691 3399 ὄλὸλυξεν
706 3332 798 3406 ἰδοῖσα,
821 3336 859 3409 φᾶ
873 3333 903 3391 δὲ
922 3332 1117 3411 καθεσταμένα
1130 3334 1244 3413 βρέφεος
1262 3333 1380 3413 χείρεσσι

252 3428 373 3509 ρίλῃσινς
405 3430 464 3489 iem
495 3436 653 3501 sequuntur
687 3433 755 3489 vota
785 3446 837 3503 pro
857 3429 1045 3505 Philadelpho
1074 3430 1164 3489 iacta
1195 3428 1267 3507 ὄλβιε
1297 3431 1379 3508 κοῦρε
1476 3456 1480 3462 v

251 3526 347 3602 γένοιο·
370 3524 434 3590 τίσις
455 3524 485 3584 δέ
506 3546 541 3600 με
561 3524 665 3593 τόσσον,
687 3524 802 3603 ὅσονπερ
822 3525 913 3584 Δᾶλον
934 3524 1058 3600 tepesco
1078 3525 1259 3602 νιοανοίμπυκα
1280 3526 1379 3604 bopo<

253 3623 409 3684 Ἀπόλλων.
461 3622 547 3682 Certe
577 3622 626 3681 vix
652 3622 790 3682 credibile
821 3628 868 3681 eet
890 3623 976 3695 paulo
1006 3629 1073 3696 post
1097 3624 1206 3682 cladem
1231 3630 1378 3698 acceptam

254 3721 326 3779 haec
356 3723 472 3793 poetam
499 3718 625 3777 locutum
656 3734 719 3777 esse
744 3719 774 3777 in
798 3719 940 3789 carmine,
971 3719 1001 3777 in
1026 3736 1082 3791 quo
1103 3721 1198 3779 omnia
1221 3721 1379 3781 inserviant

325 3954 346 4023 ¹)
364 3952 451 4007 Recte
470 3952 505 4009 de
525 3951 622 4009 ordine
634 3952 778 4008 amborum
797 3951 950 4007 carminum
962 3952 1084 4009 indicant
1096 3952 1244 4011 Susemihl.
1262 3971 1290 4025 p.
1302 3954 1379 4009 XVII

254 4043 283 4096 et
300 4040 459 4097 Haeberhu.
478 4057 505 4111 p.
524 4042 567 4097 56.
587 4072 621 4081 -

325 4130 345 4197 ²)
363 4126 404 4184 ef.
417 4128 532 4185 Vahlen.
545 4146 574 4199 p.
587 4130 652 4196 842;
671 4145 760 4201 aeque
777 4128 883 4186 iudicat
895 4128 928 4187 0.
940 4129 1119 4200 Ribbeckius‚
1137 4130 1180 4185 vir
1190 4129 1379 4186 doctissimus:

254 4216 364 4273 Preuss.
384 4215 482 4273 Jahrb.
500 4219 545 4288 32,
568 4219 644 4286 1873,
663 4234 690 4288 p.
710 4220 743 4273 81
764 4233 825 4289 sqq.
844 4248 878 4258 -
