3217 4950
711 552 751 563 -
801 514 932 589 11*-
969 531 972 534 ’

332 707 413 779 Quae
434 722 497 765 cum
511 708 554 765 ita
574 707 641 776 sint,
663 680 909 776 nou⁰e1rabimus‚
932 707 1105 779 siuegamus
1126 705 1195 764 belli
1209 705 1387 779 temporibus

251 820 366 862 carmen
389 803 497 863 deheri.
533 803 704 862 Provinciae
718 808 824 872 autem,
846 818 920 874 quae
939 802 1007 860 inde
1028 819 1102 862 avs.
1118 804 1157 862 86
1172 807 1384 874 enumerantur,

251 917 305 971 quo
320 916 451 972 quaeque
465 904 595 972 tempore
610 898 662 957 sub
683 899 837 971 imperium
852 898 1015 957 Ptolemaei
1028 900 1167 972 venerint,
1190 915 1248 957 non
1261 903 1384 957 constat.

250 997 311 1054 Neo
331 1001 430 1054 tamen
449 995 565 1054 videtur
585 994 690 1053 falsum
711 1010 786 1066 esse,
820 994 896 1065 quod
917 994 1086 1068 Hempellus
1113 993 1155 1068 (p.
1178 997 1215 1054 78
1237 995 1313 1070 sqq.)
1334 995 1385 1054 de·

250 1097 411 1152 monstrare
437 1096 558 1150 conatur
583 1091 699 1148 circiter
724 1107 749 1148 a.
773 1091 832 1150 266
853 1107 951 1150 omnes
972 1107 1022 1148 eas
1048 1093 1127 1163 regis
1147 1092 1244 1152 fuisse.
1285 1093 1385 1164 Atque

252 1189 322 1247 adeo
346 1190 496 1260 quominus
516 1189 574 1246 iam
595 1193 663 1246 ante
684 1205 710 1246 a.
728 1188 785 1246 266
807 1189 869 1246 eius
889 1188 1007 1258 fuerint,
1029 1188 1100 1260 quid
1119 1189 1258 1261 impediat
1278 1190 1309 1248 in
1328 1191 1384 1248 hac

251 1285 376 1343 omnium
401 1301 499 1343 rerum
524 1289 740 1357 temporumque
766 1286 943 1344 obscuritate
963 1301 1021 1344 non
1045 1284 1139 1345 video.
1182 1286 1281 1358 Neque
1303 1287 1385 1358 quid·

249 1396 334 1451 quam
359 1381 427 1440 inde
453 1381 679 1440 concludendum
704 1387 761 1455 est,
794 1382 870 1452 quod
895 1385 983 1454 poeta
1002 1379 1147 1456 Gymnas,-
1178 1384 1285 1457 quippe
1313 1400 1384 1455 quas

248 1477 371 1536 fortasse
405 1479 521 1536 nomine
551 1477 654 1556 Λιβύας
683 1478 749 1554 (87)
785 1479 935 1552 amplexus
966 1479 1019 1548 sit,
1054 1481 1182 1538 noluerit
1214 1481 1383 1538 nominatim

252 1592 430 1636 enumerare.
472 1574 608 1634 Ceterum
633 1592 691 1634 non
712 1577 845 1648 cogimur
864 1575 1004 1634 arbitrari
1024 1576 1150 1634 omnium
1170 1577 1382 1649 provinciarum

249 1672 365 1730 illarum
395 1689 496 1744 regem
527 1676 626 1745 partes
658 1673 784 1731 tenuisse
815 1689 950 1744 magnas,
982 1666 1051 1745 quia
1076 1673 1263 1732 Theocritum
1295 1673 1384 1731 nimio

248 1767 343 1825 studio
369 1768 508 1826 laudandi
540 1768 655 1826 ductum
685 1784 733 1826 res
764 1768 955 1842 amplificasse
981 1770 1114 1828 evincere
1144 1784 1294 1842 possumus
1325 1769 1383 1827 his:

249 1863 374 1922 θάλασσα
396 1864 426 1922 δὲ
446 1863 578 1924 πᾶσακαὶ
600 1863 645 1922 αἶα
666 1864 711 1924 καὶ
730 1864 849 1940 ποταμοὶ
864 1863 1027 1930 κελάδοντες
1041 1865 1200 1925 ἀνάσσονται
1221 1863 1383 1940 Πτολεμαίῳ

248 1960 296 2036 (91
320 1962 392 2036 sq.):
419 1963 449 2019 iu
470 1962 573 2034 quihus
593 1962 690 2021 verbis
713 1963 883 2021 vocabulum
909 1965 982 2020 πᾶσα
1002 1967 1123 2035 propter
1143 1962 1281 2021 sermonis
1302 1978 1385 2020 usum

247 2057 374 2115 refertur
395 2058 483 2116 ctiam
504 2058 542 2116 ad
563 2056 617 2118 cla.

334 2153 428 2224 Quare
449 2170 513 2211 oum
534 2158 564 2212 et
584 2153 772 2212 statuerimus
792 2155 874 2227 pacis
887 2159 1017 2228 tempore
1031 2171 1146 2212 carmen
1163 2155 1303 2227 scriptum
1323 2171 1386 2213 esse
1425 2165 1428 2169 “

249 2255 279 2306 ct
299 2249 473 2320 ignoremus
496 2267 514 2308 a
534 2265 589 2320 quo
611 2267 686 2309 auno
699 2266 794 2309 omncs
816 2251 982 2324 provinciae
1002 2251 1070 2308 illae
1091 2250 1252 2310 Ptolemaei
1267 2251 1384 2321 fuerint,

248 2345 315 2402 inde
332 2346 405 2402 nihil
418 2346 582 2418 proficimus
596 2346 633 2404 ad
649 2348 786 2406 carminis
806 2352 921 2420 tempus
942 2348 1106 2406 accuratius
1127 2348 1383 2419 determinandum,

247 2439 305 2498 nisi
326 2441 356 2498 id
376 2441 452 2512 quod
474 2443 532 2501 iam
557 2443 752 2517 intellegitur,
784 2445 846 2503 sive
865 2444 1009 2518 proelium
1029 2443 1118 2503 coum
1139 2444 1320 2503 commissum
1340 2450 1385 2503 est

247 2552 272 2595 a.
296 2538 354 2596 266
376 2538 435 2596 sivo
457 2540 525 2611 263,
547 2556 664 2599 carmen
677 2546 797 2614 propter
817 2541 926 2599 bellum
939 2540 1056 2613 Syrium
1078 2541 1245 2617 (266-63)
1267 2556 1382 2613 compo-

247 2634 334 2691 situm
355 2651 417 2693 esso
448 2641 499 2693 aut
519 2636 596 2693 inter
616 2654 642 2693 a.
665 2637 724 2694 276
745 2642 776 2694 et
796 2638 855 2694 266
882 2641 933 2695 aut
957 2636 1098 2708 longioris
1124 2638 1262 2711 temporis
1288 2638 1382 2710 spatio

245 2733 311 2800 post
337 2729 425 2787 Ooam
458 2730 576 2789 cladem.
619 2730 678 2790 Sub
703 2731 787 2791 finem
812 2749 882 2791 vcro
908 2733 986 2791 vitae
1011 2733 1197 2805 Philadelphi
1223 2734 1384 2792 encomium

246 2826 384 2898 scriptum
404 2843 462 2885 non
482 2833 536 2896 est,
559 2844 623 2887 cum
644 2828 679 2887 oh
694 2830 753 2887 alia
772 2835 834 2887 tum
853 2835 1009 2902 propterea
1030 2830 1106 2901 quod
1119 2846 1177 2887 non
1197 2846 1295 2888 omnes
1314 2848 1383 2903 pro·

245 2923 356 2981 vincias
388 2924 502 2985 easdem
533 2926 737 2999 Euergctcna
762 2931 847 2998 patre
872 2928 1020 2999 accepisse
1051 2927 1156 2985 titulus
1179 2927 1382 3002 Adulitarum)

246 3021 302 3095 (vs,
330 3023 348 3079 5
375 3023 451 3097 sqq.)
482 3027 620 3081 testatur:
654 3023 819 3099 amphilochius
850 3021 924 3099 παρὰ
955 3025 1003 3081 τοῦ
1034 3023 1137 3100 πατρὸς
1166 3024 1216 3099 τὴν
1248 3021 1381 3099 βασιλείαν

245 3117 380 3192 Αἰγύπτου
402 3118 450 3178 καὶ
469 3118 572 3196 Λιβύης
598 3119 643 3179 καὶ
663 3118 762 3197 Συρίας
782 3119 828 3179 καὶ
853 3119 982 3196 Φοινίκης
1002 3119 1048 3179 καὶ
1073 3118 1189 3189 Κύπρου
1210 3119 1255 3179 καὶ
1277 3118 1383 3183 Λυκίας

245 3214 291 3272 καὶ
311 3213 417 3292 Καρίας
438 3216 483 3275 καὶ
503 3220 558 3274 τῶν
579 3214 737 3275 Κυκλάδων
758 3217 859 3295 νήσων.
1257 3287 1262 3295 .

326 3313 392 3371 Jam
413 3328 478 3371 oum
499 3329 533 3371 ex
552 3313 624 3387 ipsis
647 3314 783 3371 carminis
803 3314 899 3372 verbis
920 3330 977 3371 non
997 3312 1141 3387 possimus
1161 3329 1280 3384 prorsus
1301 3317 1383 3371 carto

246 3426 360 3481 cruere,
394 3416 491 3467 utrum
522 3414 590 3469 ante
615 3427 641 3468 a.
665 3411 723 3468 266
745 3411 886 3483 seriptum
915 3411 955 3468 sit
985 3425 1023 3467 an
1044 3410 1135 3468 multo
1156 3414 1235 3482 post,
1268 3409 1381 3467 silentio

245 3505 343 3577 aliquo
363 3506 408 3564 uti
428 3505 552 3564 fortasse
572 3506 655 3565 uobis
668 3506 747 3567 licet.
777 3506 976 3565 Buechelerus
990 3505 1067 3563 euim
1088 3510 1186 3563 censet
1207 3504 1248 3579 (p.
1265 3505 1312 3564 55.
1329 3505 1381 3578 57)
1441 3520 1443 3526 ·

246 3603 349 3675 scripti
371 3604 457 3663 huius
488 3604 624 3661 carminis
643 3608 774 3675 tempore
794 3603 991 3661 Ptolemaeum
1010 3618 1068 3661 nou
1092 3602 1228 3674 adoptari
1247 3618 1266 3657 a
1285 3616 1383 3659 sorore

245 3699 364 3757 iussisse
400 3701 498 3759 uxoris
532 3700 638 3772 prioris
667 3698 788 3771 liberos,
824 3702 981 3771 propterea
1014 3698 1091 3770 quod
1124 3713 1225 3757 versus
1260 3699 1299 3755 43
1336 3713 1379 3768 sq.

245 3793 390 3873 (ἀστάργου
413 3795 443 3853 δὲ
472 3795 597 3870 γυναικὸς
622 3793 662 3853 ἐπ’
695 3793 829 3873 ἀλλοτρίῳ
851 3794 913 3858 νόος
934 3793 993 3862 αἰεί,
1026 3794 1122 3871 ῥηίδιοι
1143 3794 1174 3852 δὲ
1193 3792 1277 3870 γοναί,
1298 3792 1382 3851 τέκνα

245 3888 267 3947 δ’
284 3889 314 3949 οὐ
329 3890 491 3950 αοτεοικότα
511 3890 605 3969 πατρί)
627 3893 664 3950 ad
678 3890 832 3963 Arsinoen,
854 3892 982 3965 priorem
995 3892 1076 3963 regis
1089 3906 1216 3962 uxorem,
1239 3895 1382 3963 spectent,
1414 3902 1418 3908 ·

245 3993 278 4045 nt
297 3988 444 4047 Haulerus
466 4005 577 4062 quoquc
604 3988 645 4064 (p.
668 3988 720 4063 24)
752 3989 915 4061 suspicatus
936 3993 1009 4047 erat.
1051 3989 1137 4046 Illum
1157 3991 1272 4046 secutus
1292 3984 1382 4046 Suse-

317 4208 338 4277 ¹)
358 4206 388 4263 G.
407 4208 428 4264 I.
449 4208 496 4264 Gr.
515 4206 555 4263 ΙΙΙ
573 4225 601 4279 p.
621 4209 673 4265 508
692 4223 753 4279 sqq.
771 4238 806 4246 -
1204 4293 1222 4345 2
