3217 4950
653 1479 927 1596 llll.

735 1717 839 1733 ΛΛΛΛΛΙ

228 1863 397 1982 ᾹΙὺθήηε
418 1912 588 1994 Augustus
608 1908 851 1977 Maximilianus
865 1911 1007 1980 Rannow
1028 1936 1055 1980 a.
1074 1915 1105 1983 d.
1121 1915 1165 1981 IV
1180 1916 1253 1984 Kal.
1267 1919 1356 2007 Sept.

226 2021 309 2084 1862
333 2019 430 2084 natus
453 2037 523 2083 sum
547 2017 581 2081 in
599 2016 667 2082 vico
684 2014 794 2103 Stolpe
810 2039 909 2105 prope
926 2017 1143 2085 Potsdamiam
1159 2023 1270 2111 urbem
1292 2026 1354 2091 sito

223 2126 314 2211 patre
342 2122 461 2189 Ottone
489 2122 624 2208 pictore,
659 2141 753 2200 quem
781 2128 989 2210 praematura
1016 2127 1119 2192 morte
1146 2147 1250 2216 nuper
1276 2131 1356 2196 mihi

223 2234 369 2316 ereptum
408 2229 518 2310 lugeo,
557 2230 659 2294 matre
693 2229 844 2312 Augusta
879 2249 897 2296 e
929 2234 1026 2313 gente
1057 2228 1184 2301 Schulz.
1243 2234 1355 2302 Fidem

222 2333 613 2424 profiteorevangelicam.
646 2331 821 2419 Postquam
833 2337 983 2421 parentes
995 2334 1182 2403 Berolinum
1198 2341 1358 2424 migrave—
1420 2348 1423 2354 '

222 2444 309 2525 runt,
333 2441 367 2506 in
390 2440 466 2508 ludo
491 2439 630 2527 quodam
649 2440 776 2528 privato
793 2460 887 2526 quem
907 2446 1021 2509 vocant
1034 2442 1149 2529 primis
1171 2443 1355 2513 litterarum

223 2544 392 2615 clementis
416 2548 588 2614 iust‘tutus
612 2550 767 2613 autumno
790 2548 868 2612 anni
893 2550 978 2614 1873
1001 2549 1035 2613 in
1059 2555 1188 2617 sextum
1212 2551 1354 2618 ordinem

84 2723 86 2726 .
221 2653 301 2737 regii
321 2652 481 2739 gymnasii
498 2651 662 2735 Guilelmi,
687 2649 773 2739 quod
790 2651 827 2721 0.
844 2652 1009 2739 Kuebleri,
1034 2655 1095 2721 viri
1115 2656 1352 2741 humanissimi,

221 2759 376 2845 auspiciis
399 2758 503 2841 floret,
538 2763 688 2845 receptus
712 2779 793 2842 sum,
824 2760 934 2845 ibique
957 2760 1103 2827 doctrina
1125 2763 1353 2847 magistrorum

221 2864 302 2930 mihi
324 2865 460 2948 contigit
483 2866 678 2953 optimorum
702 2885 739 2931 ac
762 2866 960 2951 sempiterna
976 2869 1182 2935 veneratione
1198 2868 1351 2951 dignissi-

221 2991 354 3038 morum.

309 3074 509 3143 Maturitatis
544 3076 763 3143 testimonium
798 3096 873 3143 vere
901 3078 978 3144 anni
1004 3082 1093 3154 1882
1121 3079 1273 3167 adeptum
1301 3102 1353 3149 mc

223 3202 294 3248 cum
317 3181 475 3250 Ernestus
499 3184 645 3266 Curtius,
681 3183 731 3248 vir
753 3182 1046 3270 praeclarissimus,
1076 3206 1209 3252 numero
1234 3187 1351 3253 civium

221 3290 444 3356 universitatis
477 3288 660 3356 Fridericae
700 3287 882 3355 Guilelmus
920 3290 1160 3378 adsumpsisset,
1180 3285 1182 3291 ’
1200 3297 1353 3378 quattuor

221 3395 337 3463 deinde
360 3416 463 3462 annos
486 3396 603 3463 studiis
626 3394 799 3482 philologis
823 3414 954 3481 operam
978 3396 1053 3463 dedi
1076 3418 1133 3484 per
1148 3398 1208 3464 hoc
1224 3419 1352 3484 quoque

220 3504 346 3589 tempus
385 3522 477 3569 omno
515 3501 698 3567 admirabili
735 3502 910 3568 multorum
949 3503 1171 3572 benevolentia
1209 3503 1352 3576 adiutus.

220 3607 329 3693 Atque
352 3609 386 3673 in
411 3607 529 3684 scholis
551 3627 603 3673 me
626 3606 806 3673 docuerunt
828 3608 888 3674 viri
917 3607 1096 3675 doctissimi
1122 3609 1171 3675 hi:
1208 3608 1351 3695 Curtius,

218 3711 320 3794 Diels,
337 3713 478 3799 Dilthey,
501 3711 531 3780 J.
548 3711 705 3798 Droysen,
722 3712 917 3793 Hirschfeld,
934 3713 1098 3797 Hnebner,
1114 3714 1154 3781 A.
1172 3714 1351 3801 Kirchhoff,

218 3817 366 3903 Paulsen,
397 3818 526 3902 Robort‚
556 3816 701 3903 Scherer,
726 3818 756 3885 J.
781 3818 938 3902 Schmidt,
968 3818 1103 3902 Vahlen,
1127 3819 1350 3907 Wattenhach,

219 3922 336 4009 WeisS,
371 3923 486 3992 Zeller.
536 3924 707 3992 Praeterea
733 3924 774 3991 ad
804 3926 1051 3992 exercitationes
1079 3926 1258 4012 philologas
1292 3949 1352 4015 per

128 4089 131 4095 .
219 4034 334 4115 quater
366 4050 424 4097 sex
452 4050 576 4097 menses
604 4029 812 4114 Hnebnerus,
847 4031 890 4097 ad
924 4031 1149 4119 epigraphicas
1179 4053 1237 4120 per
1264 4032 1349 4101 idem

217 4136 372 4221 temporis
410 4137 552 4223 spatium
592 4135 826 4219 Kirchhoffius,
876 4137 916 4203 ad
953 4138 1136 4206 theodiscas
1176 4137 1349 4207 Schererus

218 4244 268 4307 ter
282 4240 407 4307 aditum
423 4241 560 4325 benigne
576 4243 655 4309 mihi
671 4249 909 4310 concesserunt.
956 4243 1128 4312 Seminarii
1143 4250 1252 4312 autem
1267 4246 1349 4330 regii
