3217 4950
727 531 927 592 ..7-

269 719 303 794 (l.
317 721 337 781 l.
353 735 382 794 p.
398 721 453 779 111
471 719 536 779 adn
554 720 595 795 1),
611 736 674 779 cum
689 716 898 796 Buechelero¹),
919 720 981 778 viro
995 720 1169 791 doctissimo,
1183 716 1275 796 aliis²)
1297 737 1323 779 a
1339 721 1398 785 276

268 817 383 891 nuptias
397 818 463 878 illas
483 817 572 878 fuisse
586 817 697 878 statuit.
729 817 811 890 Quod
824 834 995 890 quamquam
1015 834 1052 876 ue
1066 817 1160 890 ipsum
1179 818 1293 890 quidem
1313 832 1399 891 argu·

268 916 372 974 mentis
397 915 527 974 firmatur
556 915 689 982 indubiis,
720 921 819 974 tamen
843 931 896 973 nos
921 914 1035 987 quidem
1065 916 1139 973 hanc
1164 931 1226 974 rem
1247 931 1322 973 nunc
1340 930 1398 972 non

269 1013 377 1073 diutius
397 1030 545 1088 possumus
565 1011 710 1086 persequi,
741 1013 913 1085 praesertim
939 1029 1003 1072 cum
1028 1012 1156 1073 adeam
1181 1011 1395 1084 disceptandam

266 1127 341 1183 ,opus
354 1111 393 1169 sit
407 1111 509 1170 studiis
522 1110 785 1183 aegyptologorum.
828 1108 887 1169 Sed
904 1110 965 1168 sive
979 1126 1070 1168 annus
1090 1111 1150 1170 276
1170 1126 1257 1169 verus
1277 1114 1323 1167 est
1335 1108 1398 1168 sive

268 1206 372 1278 falsus,
405 1211 484 1266 certe
508 1205 585 1264 infra
610 1221 637 1264 a.
664 1206 724 1265 270
749 1221 805 1264 non
830 1206 889 1264 iam
915 1205 1017 1264 licebit
1047 1206 1201 1265 terminum
1232 1205 1397 1281 nuptiarum

269 1307 397 1361 statuere
422 1309 487 1376 post
512 1299 757 1362 Wiedemauuum.
803 1303 868 1361 Iam
899 1302 975 1374 quod
1007 1302 1088 1362 dubii
1115 1303 1150 1362 de
1176 1319 1275 1362 earum
1300 1307 1398 1361 aetate

267 1399 382 1469 haeret,
414 1415 482 1457 num
506 1399 536 1459 id
561 1401 660 1461 valeat
684 1400 722 1459 ad
746 1405 860 1473 tempus
880 1400 1045 1460 Theocritei
1066 1401 1189 1460 encomii
1209 1398 1398 1458 definiendum

267 1500 490 1567 perscrutemur.

346 1592 443 1664 Atque
463 1593 496 1652 Ο.
518 1588 730 1670 Hempelius⁸),
761 1594 1062 1666 praeterquamquod
1092 1610 1156 1653 cum
1176 1594 1330 1667 Droyscuo
1352 1609 1396 1654 ca.

268 1706 295 1746 a.
318 1690 376 1748 866
397 1691 539 1749 Arsinoen
559 1708 578 1749 a
602 1689 692 1750 fratre
718 1691 834 1750 ductam
860 1709 924 1750 esse
949 1697 1046 1765 putat,
1073 1692 1146 1750 haec
1172 1692 1320 1765 professus
1341 1695 1397 1750 est:

271 1784 580 1854 ,fitverisimillimum
603 1803 718 1846 carmen
739 1787 774 1847 de
798 1804 853 1859 quo
878 1789 999 1860 agimus,
1020 1804 1084 1846 cum
1098 1788 1269 1847 Theocritus
1283 1788 1400 1860 nuptias

266 1880 332 1940 illas
347 1898 526 1956 summopere
541 1883 667 1943 celebret
681 1884 731 1959 (cf.
745 1901 801 1944 uss.
820 1886 883 1943 129.
899 1884 975 1960 sqq.)
989 1889 1019 1943 et
1031 1883 1251 1957 Philadelphum
1271 1884 1399 1957 appellet

267 1978 380 2056 νυμφίον
401 1980 456 2055 (vs.
474 1979 562 2056 lca),
584 1982 667 2040 brevi
679 1986 746 2054 post
765 1981 846 2041 illum
867 1998 973 2040 aunum
986 1982 1175 2055 compositum
1195 1998 1266 2041 esse.
1307 1981 1398 2039 Immo

267 2093 304 2135 ne
317 2077 372 2136 hoo
386 2078 502 2150 quidem
516 2079 593 2138 omni
606 2079 739 2138 veritatis
753 2079 849 2152 specie
868 2095 968 2138 carere
981 2079 1075 2139 videri
1088 2082 1193 2152 potest,
1213 2079 1269 2137 hoc
1282 2093 1399 2136 carmen

267 2174 304 2231 ad
331 2173 409 2247 ipsos
442 2174 504 2233 dies
524 2175 626 2248 festos,
660 2176 761 2247 quibus
788 2177 950 2235 celebratae
970 2180 1037 2234 sunt
1062 2177 1179 2249 nuptiae
1205 2174 1397 2247 couscriptum

267 2275 356 2330 esse.“
385 2305 421 2314 —
449 2273 490 2331 At
510 2277 590 2331 earet
611 2273 688 2331 omui
707 2273 841 2332 veritatis
866 2274 961 2346 specie
982 2273 1020 2332 ad
1045 2274 1122 2347 ipsas
1145 2273 1263 2347 nuptias
1283 2287 1398 2344 compo-
1498 2234 1526 2299 ¹*

268 2367 356 2425 situm
388 2384 449 2427 esse
479 2368 509 2426 id
540 2386 668 2442 carmen,
701 2370 731 2428 in
762 2371 841 2429 cuius
871 2371 969 2429 statim
998 2371 1081 2429 initio
1111 2371 1234 2442 legimus
1264 2369 1296 2444 (3
1327 2367 1397 2444 aql:

268 2462 372 2543 ἀνδρῶν
394 2463 452 2524 obt
473 2464 641 2543 Πτολεμαῖος
662 2467 700 2525 ἑνὶ
720 2466 849 2544 πρώτοισι
870 2466 991 2543 λεγέσθω
1012 2465 1059 2528 καὶ
1077 2465 1200 2543 πόματος
1219 2466 1265 2527 καὶ
1285 2465 1392 2542 μέσσος,

269 2567 300 2619 et
312 2554 360 2621 'vs
384 2565 400 2621 7
422 2580 479 2635 sq:
500 2563 584 2642 αὐτὰρ
600 2564 654 2640 ἐγὼ
668 2563 838 2641 Πτολεμαῖον
852 2563 1028 2640 ἐπιστάμενος
1048 2563 1119 2624 καλὰ
1140 2564 1221 2623 εἰπεῖν
1242 2559 1395 2640 ὃμνήσαιμ’,

227 2648 229 2650 ’
268 2663 360 2718 atvs.
384 2662 419 2718 11
441 2677 498 2732 sq.:
524 2660 550 2719 τί
569 2666 677 2739 πρῶτον
698 2660 852 2735 καταλέξω
878 2660 937 2720 ἐπεὶ
956 2660 1031 2738 πάρα
1051 2660 1133 2739 μυρία
1153 2660 1245 2728 εἰπεῖν,
1266 2658 1317 2718 οἷσι
1336 2658 1397 2718 θεοὶ

267 2756 313 2814 τὸν
335 2754 441 2835 ἄριστον
460 2756 588 2835 ἐτίμησαν
603 2758 744 2836 βασιλήων.
778 2758 839 2817 Gur
851 2760 932 2818 nulla
944 2760 1050 2818 mentio
1064 2758 1098 2817 fit
1117 2758 1217 2817 uxoris
1229 2755 1397 2815 Arsinoae?

268 2853 342 2910 Nam
368 2858 553 2927 exspectatur
582 2855 646 2925 hoc,
678 2856 702 2915 si
733 2857 865 2930 ponimus
885 2857 994 2929 nuptiis
1014 2856 1194 2915 celebrandis
1214 2853 1398 2914 inservivisse

267 2951 321 3009 hoc
342 2967 466 3010 carmen.
509 2954 553 3011 At
578 2952 711 3025 proiecto
735 2953 766 3012 id
790 2953 885 3012 noluit
914 2958 1013 3026 poeta,
1045 2953 1095 3025 qui
1118 2952 1316 3011 Ptolemaeum
1342 2949 1398 3009 sibi

269 3048 442 3107 cenandum
454 3064 616 3121 proponens
630 3051 660 3107 in
674 3050 811 3109 carminis
824 3050 971 3124 prooemio
985 3051 1041 3109 hoc
1061 3054 1262 3123 argumentum
1282 3046 1398 3107 disertis

268 3145 364 3204 verbis
384 3146 527 3218 exprimit.
569 3146 680 3207 Deinde
703 3164 793 3219 usque
819 3147 857 3205 ad
876 3164 919 3207 vs.
942 3149 999 3206 127
1019 3146 1137 3221 summis
1162 3146 1295 3206 laudibus
1321 3144 1400 3203 tollit

271 3242 362 3300 solum
382 3258 487 3315 regem,
519 3243 554 3301 de
580 3259 679 3302 sorore
704 3260 739 3302 ue
764 3244 898 3302 voculam
928 3242 1043 3316 quidem
1069 3242 1160 3304 addit.
1200 3242 1284 3318 Quod
1304 3245 1400 3300 autem

269 3357 309 3399 vs.
335 3340 391 3399 118
412 3339 543 3399 adnectit
562 3338 659 3417 ἰφθίμα
678 3342 701 3399 τ’
725 3338 827 3420 ἄλοχος
847 3344 916 3414 aaa,
938 3340 1083 3400 fecithoc
1102 3358 1159 3400 uon
1180 3344 1241 3399 tam
1254 3337 1399 3399 Arsinoae

271 3435 458 3495 celebrandae
473 3453 567 3505 causa,
589 3450 674 3508 quam
688 3438 762 3509 quod
775 3439 806 3496 iu
821 3438 947 3497 ommino
968 3438 1007 3497 ad
1025 3438 1105 3511 regis
1118 3436 1218 3496 laudes
1239 3436 1397 3509 composito

271 3549 307 3591 ne
327 3534 456 3607 reginam
476 3533 590 3605 quidem
610 3535 695 3607 plane
715 3536 839 3607 putabat
858 3550 920 3594 esso
940 3533 1233 3607 praetermittendam.
1273 3533 1350 3593 Nam
1369 3532 1399 3589 in

269 3630 324 3688 hoc
344 3630 472 3689 encomio
493 3630 665 3689 Theocritus
685 3648 784 3690 verum
804 3631 1065 3690 Alexandrinorum
1085 3636 1202 3704 poetam
1222 3646 1254 3689 se
1274 3627 1400 3688 ostendit

270 3743 362 3798 neque
383 3741 499 3799 prorsus
513 3725 596 3786 abest
614 3727 729 3800 aculpa
742 3727 887 3787 adulandi.
908 3727 1038 3803 —Quid
1056 3744 1126 3787 vero
1146 3727 1242 3787 laudis
1254 3726 1395 3785 Arsinoae

341 3946 363 4014 ¹)
381 3945 453 4001 Mus.
471 3944 550 4000 rhen.
563 3946 606 4011 30,
627 3944 704 4015 1875,
722 3961 749 4015 p.
764 3946 798 4001 56
818 3944 881 4013 (,,11
900 3944 1088 4035 bucolicorum
1105 3944 1275 4001 Graecorum
1293 3932 1400 4015 aliquot

244 4084 249 4097 ,
269 4033 477 4103 carminum).
495 4063 529 4073 -

342 4121 364 4191 ²)
384 4120 425 4178 cf.
444 4122 470 4181 J.
488 4121 588 4176 Franz.
616 4119 646 4177 G.
664 4120 686 4177 1.
705 4120 753 4177 Gr.
771 4120 814 4176 111
830 4137 858 4191 p.
877 4122 937 4177 288.
957 4150 992 4162 -

342 4208 364 4278 ⁸)
386 4208 809 4278 „Quaestiones'lheocriteaeffi
828 4209 896 4265 diss.
923 4208 996 4266 Kiel.
1015 4210 1092 4278 1881,
1110 4224 1138 4279 p.
1156 4212 1199 4265 16.
1219 4240 1253 4249 -
