3217 4950
725 512 948 575 -39-

269 703 379 762 dacium
411 706 563 775 poetamm
595 717 668 760 ase
693 701 890 774 vituperatum
925 701 987 773 ipse
1020 706 1135 760 secutus
1165 701 1204 758 eit
1235 699 1286 775 (cf.
1313 699 1402 757 Mein,

269 817 296 873 p.
321 797 651 870 leesq.sohneid.11
676 797 732 870 trg.
761 797 842 871 465).
891 795 1083 869 Philadelpho
1114 797 1189 854 enim
1222 812 1238 853 e
1264 796 1403 854 Berenice

269 901 338 954 nato
366 900 483 956 conset
504 895 635 954 Soterem
660 899 773 966 patrem
799 909 918 966 regnum
942 894 1111 966 tradidisse,
1144 909 1208 952 cum
1229 892 1402 965 Eurydicae.

273 993 377 1065 prioris
398 993 505 1063 uxoria,
529 991 613 1056 filios,
634 991 711 1048 inter
731 1007 780 1048 eos
800 994 871 1046 natu
892 990 1056 1055 maximum,
1078 988 1251 1059 Ocreunnm,
1273 994 1404 1062 praeter·

270 1089 327 1147 iret
353 1088 475 1163 (Droys.
497 1087 549 1146 111.
574 1089 603 1156 1,
635 1102 662 1157 p.
691 1087 749 1143 262
775 1085 859 1159 equ).
912 1084 1047 1143 Ceterum
1078 1086 1116 1144 ad
1146 1103 1209 1144 eam
1234 1102 1319 1156 quam
1344 1085 1405 1142 dixi

272 1200 404 1243 versuum
432 1182 702 1254 interpretationem
733 1181 830 1239 iacere
856 1182 943 1239 etiam
970 1181 1107 1239 videntur
1132 1181 1203 1240 mihi
1228 1183 1317 1238 verba
1344 1181 1405 1239 ἐπι-

271 1280 372 1339 δαίσιον
387 1278 471 1350 οἶκον,
486 1295 560 1351 quae
575 1279 654 1337 vane
668 1294 686 1336 a
700 1279 770 1335 viris
785 1279 878 1336 doctis
893 1279 1037 1351 explicata
1052 1284 1082 1337 et
1097 1279 1269 1337 coniecturis
1283 1278 1402 1351 frustra,

270 1382 303 1434 ut
325 1375 419 1444 oredo,
442 1380 584 1448 temptata
605 1381 680 1439 sunt,
703 1376 782 1433 velut
803 1392 827 1433 e.
844 1392 869 1434 c.
884 1374 1078 1434 Schneidcrue
1100 1374 1142 1450 (p.
1167 1375 1237 1449 154)
1259 1374 1404 1447 intellegit

271 1471 345 1532 οἶκον
367 1471 609 1549 ἐπίμεμερισμένον
631 1473 678 1531 vel
700 1471 967 1549 ἐπικεκληρισμένον,
989 1473 1018 1531 h.
1033 1489 1058 1531 e.
1080 1478 1159 1530 sorte
1180 1472 1329 1528 tributum.
1362 1471 1406 1529 At

272 1568 465 1627 Callimachus
486 1570 549 1643 ipse
570 1569 625 1627 sibi
638 1569 847 1642 refragaretur,
872 1571 897 1626 si
910 1573 1046 1627 narraret
1061 1585 1117 1627 non
1131 1569 1282 1627 sortitione
1296 1567 1405 1626 factum

273 1682 345 1734 esse,
366 1670 401 1722 ut
413 1665 478 1722 Iovi
499 1666 599 1724 domus
614 1671 692 1724 sorte
707 1667 819 1723 tributa
833 1667 1006 1737 obtingeret.
1047 1665 1152 1723 Potius
1173 1664 1318 1723 ἑπιδαίσιον
1332 1666 1406 1723 nihil

272 1768 317 1819 eet
338 1762 396 1819 nisi
420 1763 641 1830 ,attributum“,
664 1763 726 1820 eive
747 1768 827 1820 sorte
848 1762 902 1819 hoe
922 1761 956 1819 fit
981 1761 1041 1820 sive
1070 1761 1234 1819 hereditate
1265 1763 1326 1820 sive
1346 1762 1406 1820 alia

274 1858 396 1916 ratione.
438 1858 533 1929 Quare
553 1863 623 1931 puto
645 1857 866 1930 Callimachum,
901 1875 966 1916 cum
990 1858 1131 1916 scriberet
1156 1856 1299 1915 ἐπιδαίσιον
1321 1856 1405 1928 οἶκον,

274 1955 355 2025 quasi
375 1954 439 2012 Iovi
459 1957 579 2026 propter
599 1954 737 2012 virtutem
763 1954 821 2026 ipsi
841 1969 953 2024 quoque
978 1971 997 2010 a
1016 1958 1100 2026 patre
1121 1970 1243 2024 regnum
1263 1954 1405 2012 tributum

274 2055 364 2120 esset,
390 2051 472 2108 velut
490 2050 683 2123 Philadelpho
706 2068 724 2108 a
744 2052 847 2110 Sotere
867 2051 1007 2108 tributum
1029 2054 1086 2115 eet,
1114 2050 1170 2108 duo
1190 2051 1267 2108 inter
1287 2069 1317 2109 se
1339 2052 1406 2110 mie-

275 2148 367 2205 cuisee
388 2153 475 2218 atque
495 2148 526 2205 in
554 2147 609 2205 hoc
639 2148 778 2205 vocabulo
805 2147 936 2219 ponendo
963 2163 1020 2203 non
1040 2152 1101 2204 tam
1127 2146 1163 2204 de
1189 2147 1242 2205 deo
1263 2165 1348 2219 quam
1369 2148 1405 2205 de

273 2259 341 2316 rege
362 2243 516 2315 cogitasse.
558 2244 599 2301 Et
618 2242 742 2304 fortasse
756 2250 852 2316 poeta,
874 2261 938 2302 cum
959 2262 1072 2302 versum
1093 2244 1153 2304 ἀλλ’
1170 2247 1209 2302 ἔτι
1229 2244 1338 2307 παιδνὸς
1352 2243 1406 2301 ἐὼν

275 2339 412 2416 &poducere
434 2338 522 2396 πάντα
542 2339 634 2398 τέλεια
662 2341 729 2416 (57)
756 2341 792 2398 de
813 2342 882 2400 Iove
902 2341 1032 2408 dixisset,
1059 2346 1160 2414 postea
1179 2357 1236 2399 11011
1258 2342 1319 2399 sine
1340 2356 1407 2398 eon·

275 2436 340 2495 silio
362 2436 396 2493 de
417 2435 584 2495 Ptolemaeo
599 2437 780 2510 praedicavit
801 2435 923 2515 ἑσπέριος
936 2437 1024 2502 κεῖνός
1044 2459 1075 2512 γε
1095 2441 1171 2496 τελεῖ
1189 2441 1248 2499 κτλ.
1272 2437 1326 2513 (87
1340 2437 1408 2512 811),

275 2538 308 2590 ut
329 2532 536 2603 quodammodo
557 2534 736 2606 comparatio
757 2534 835 2591 inter
855 2540 1008 2605 utrumque
1028 2535 1120 2593 fieret.

356 2630 417 2687 Iam
439 2629 464 2687 si
484 2646 584 2687 versus
610 2630 676 2687 illos
702 2630 755 2705 (τῷ
775 2652 817 2687 τοι
837 2630 883 2688 καὶ
902 2630 1000 2704 γνωτοὶ
1021 2633 1096 2706 κτλ.)
1124 2648 1175 2703 per
1202 2649 1233 2689 ee
1260 2630 1337 2688 soloe
1362 2630 1408 2687 in·

274 2726 420 2798 epicimns,
443 2732 509 2797 apte
531 2741 580 2784 cos
601 2726 658 2783 dici
679 2726 809 2799 potuisse
831 2728 930 2785 statim
950 2732 1017 2801 post
1037 2743 1157 2799 regnum
1178 2744 1196 2785 a
1216 2725 1407 2799 Philadelpho

274 2839 435 2895 possessum
455 2822 496 2895 (a.
519 2822 591 2897 285)
613 2823 825 2881 concedendum
846 2829 900 2882 est.
942 2824 983 2881 Et
1003 2829 1170 2882 statuerunt
1190 2824 1232 2883 eie
1252 2823 1407 2881 Richterue

274 2920 316 2992 (p.
334 2921 347 2977 1
364 2919 440 2994 sqq.)
456 2924 486 2976 et
498 2918 661 2977 Brinlrerue
674 2920 713 2993 (p.
731 2921 770 2978 70
785 2921 853 2995 sq.);
868 2922 906 2978 cf.
922 2921 1010 2979 etiam
1023 2921 1165 2993 Droysen.
1181 2938 1210 2994 p.
1225 2920 1285 2977 264
1299 2920 1362 2977 adn.
1380 2919 1408 2979 2.

274 3017 328 3075 llle
354 3020 451 3073 autem
482 3032 515 3073 eo
548 3016 635 3073 ctiam
666 3032 837 3088 progressus
868 3023 927 3087 eet,
957 3021 991 3074 ut
1021 3022 1140 3089 putaret
1170 3016 1207 3074 ad
1238 3018 1316 3089 ipsos
1347 3015 1408 3072 dies

275 3112 373 3171 festos,
395 3112 497 3182 quibus
517 3127 570 3169 rex
583 3112 736 3184 imperium
757 3112 834 3182 iniit,
855 3113 1042 3172 celebrandos
1059 3114 1196 3187 hymnum
1217 3111 1408 3184 compositum

277 3226 349 3268 esee.
389 3208 471 3281 Quae
492 3209 638 3266 sententia
662 3214 696 3266 ut
716 3226 752 3267 ex
776 3210 836 3267 illis
856 3210 954 3268 verbis
978 3210 1108 3268 concludi
1134 3226 1191 3267 non
1223 3213 1334 3281 potest,
1366 3209 1410 3264 ita

275 3306 366 3363 totius
398 3305 534 3363 carminis
565 3306 731 3363 condicione
762 3307 921 3376 refutatur,
953 3307 984 3365 in
1010 3324 1066 3378 quo
1087 3323 1124 3364 ne
1149 3306 1268 3364 verbnm
1293 3306 1407 3376 quidem

276 3402 400 3473 legimus
421 3401 456 3460 de
477 3417 567 3474 regno
588 3402 672 3460 modo
694 3403 782 3475 inito;
803 3418 870 3460 nam
891 3404 916 3461 ei
936 3418 1066 3474 usquam,
1088 3407 1168 3460 certe
1187 3404 1235 3461 hic
1256 3420 1272 3460 e
1293 3402 1409 3460 silentio

277 3502 380 3570 poetae
402 3498 534 3557 conicere
558 3498 669 3569 aliquid
694 3514 857 3571 possumus:
891 3499 968 3556 nullo
990 3500 1067 3557 enim
1092 3504 1175 3569 voto,
1207 3500 1284 3557 nullo
1309 3498 1410 3571 gaudii

277 3594 383 3652 indicio
405 3610 503 3667 regem
523 3594 561 3652 ad
582 3611 703 3667 regnum
725 3595 909 3653 accedentem
933 3596 1132 3668 prosequitur,
1164 3595 1236 3653 nihil
1257 3613 1275 3653 a
1297 3596 1341 3653 die
1362 3596 1426 3653 vel

277 3692 384 3749 alove
404 3696 541 3762 precatur
561 3708 613 3763 pro
641 3691 702 3749 eius
727 3691 870 3749 felicitate
896 3697 927 3749 et
947 3692 1056 3760 salute,
1088 3707 1180 3763 neque
1206 3694 1319 3751 omnino
1346 3708 1411 3750 cum

277 3789 339 3860 ipso
361 3788 476 3860 imperii
497 3788 580 3846 initio
607 3788 780 3847 conveniunt
804 3789 890 3847 haec:
926 3788 954 3845 ἐν
980 3788 1011 3845 δὲ
1032 3786 1179 3865 §opperiar
1200 3788 1295 3864 ἔβαλὲς
1315 3809 1411 3864 σφισιν,

279 3882 306 3941 ἐν
328 3880 350 3941 δ’
373 3882 431 3946 ἅλις
451 3882 533 3959 ὄλβον
553 3886 617 3941 πᾶσι
638 3882 696 3959 μέν,
720 3881 750 3941 οὔ
766 3882 841 3959 μάλα
856 3884 880 3941 δ’
900 3882 971 3941 ἴσον·
991 3885 1064 3942 ἔοικε
1085 3884 1115 3941 δὲ
1128 3882 1318 3960 τεκμήρασθαι
1338 3884 1412 3959 ἡμε-

277 3979 348 4057 τέρῳ
370 3976 541 4055 μεδέοντι·
563 3980 677 4057 περιπρὸ
698 3978 747 4057 γὰρ
769 3978 833 4057 εὐρὺ
854 3976 971 4057 βέβηκεν
993 3980 1047 4055 (84
1068 3981 1154 4057 sqq).
1196 3978 1266 4047 Sed,
1297 3980 1412 4036 utiam

279 4076 349 4149 dixi,
371 4092 398 4135 a.
422 4077 480 4135 285
501 4075 548 4135 vel
568 4076 654 4148 paulo
673 4080 740 4149 poet
759 4082 881 4148 perapte
895 4077 1077 4149 pronuntiari
1097 4082 1233 4150 poterant
1254 4092 1353 4135 verens
1373 4076 1412 4151 τῷ
1448 4158 1453 4163 .
