3217 4950
709 554 930 617 ..29-

248 748 389 820 Iuppiter,
413 751 564 819 postquam
580 745 609 803 iu
623 745 729 804 itinere
742 744 878 802 umbilico
892 744 997 801 amisso
1013 743 1117 812 effecit,
1138 749 1172 800 ut
1192 742 1258 800 iude
1269 739 1382 818 Ὀμφά-

250 850 304 903 λιον
326 844 408 902 πέδον
431 842 499 918 (45)
520 847 622 916 postea
642 858 746 900 nomen
767 845 899 914 caperet,
921 840 959 897 ad
979 839 1081 898 Idaeos
1101 845 1213 897 montes
1233 844 1382 911 transpor-

248 947 326 1000 tatus
353 941 568 1001 accuratissime
600 940 675 997 eltus
696 944 727 997 et
752 939 890 998 educatus
911 943 968 1007 est,
1000 937 1080 995 velut
1099 935 1178 994 πίονα
1204 937 1288 1011 μαζὸν
1310 936 1383 1009 αἰγὸς

252 1036 421 1113 Ἀμαλθείης
446 1036 523 1096 suxit
555 1035 605 1111 (cf.
632 1035 717 1093 Arat.
748 1035 820 1110 163)
853 1034 1035 1105 comeditque
1065 1035 1123 1092 mel
1153 1035 1255 1107 apibus
1286 1035 1382 1093 subito

248 1133 412 1210 (ἐξαπιναῖα)
445 1138 504 1190 tum
529 1132 653 1205 primum
683 1132 714 1190 in
744 1131 796 1190 ille
821 1132 942 1203 regione
968 1131 1087 1191 exortis.
1129 1131 1249 1190 Curetes
1276 1136 1381 1202 autem,

247 1249 283 1290 ue
314 1229 457 1289 Saturnus
488 1227 603 1286 audiret
633 1229 731 1286 Iovem
763 1226 933 1304 κουρίζοντα,
966 1225 1060 1304 πρύλιν
1092 1227 1252 1305 ὠρχήσαντο
1282 1227 1382 1306 τεύχεα

249 1326 431 1403 cauliumve<
451 1325 501 1401 (—
524 1342 565 1383 vs.
588 1326 640 1395 543
663 1323 697 1384 ci.
714 1325 799 1382 Aret.
823 1327 861 1384 30
875 1324 961 1399 squ).
990 1325 1104 1383 Deinde
1126 1331 1212 1397 poeta
1233 1325 1380 1395 describit,

249 1424 390 1494 quomodo
412 1423 544 1495 Iuppiter
564 1421 682 1480 deornm
702 1421 838 1494 princeps
858 1421 953 1479 factus
971 1421 1020 1480 sit.

329 1518 402 1577 Cum
422 1524 486 1576 tota
506 1519 561 1576 hac
582 1519 719 1576 carminis
740 1522 836 1590 parte,
858 1533 942 1588 quam
956 1517 1085 1577 breviter
1105 1518 1189 1576 modo
1212 1518 1381 1577 adumbravi

231 1615 409 1691 ,(10-54),
431 1615 589 1673 Theocrito
610 1631 646 1672 ne
667 1631 726 1672 una
747 1613 862 1684 quidem
882 1630 939 1672 vox
960 1616 1118 1673 communis
1139 1620 1192 1673 est.
1233 1614 1336 1673 Potius
1356 1617 1382 1673 is

249 1713 315 1771 inde
336 1731 354 1771 a
373 1713 471 1771 verbis
497 1711 553 1775 οἷος
577 1711 627 1787 μὲν
649 1713 696 1788 ἔην
719 1711 788 1785 (13)
820 1728 873 1784 per
894 1713 1057 1784 complures
1087 1729 1188 1770 versus
1214 1706 1245 1771 et'
1269 1720 1383 1786 patrem

249 1809 435 1881 Philadelphi
454 1808 587 1867 leudibus
607 1809 686 1866 tollit
706 1813 736 1866 et
756 1814 877 1866 matrem
898 1808 999 1884 (usque
1020 1809 1058 1866 ad
1078 1825 1120 1868 vs.
1137 1809 1197 1884 52).
1227 1809 1383 1879 Postquam

250 1907 341 1978 igitur
361 1923 412 1964 suo
433 1907 562 1978 periculo
582 1905 657 1963 hanc
671 1911 783 1977 partem
806 1906 929 1963 encomii
950 1922 1120 1978 componere
1141 1923 1226 1964 ausus
1246 1910 1297 1975 est,
1319 1907 1382 1978 ipsc

249 2019 361 2075 quoque
393 2007 492 2060 uatum
519 2001 657 2060 describit
687 2019 743 2060 nou
763 2001 863 2060 Iovem
888 2002 940 2060 sed
960 2002 1159 2061 Ptolemaeum
1191 2008 1222 2060 et
1246 2002 1383 2061 describit

249 2101 303 2170 ita,
329 2099 401 2157 uihil
422 2105 455 2157 ut
476 2116 541 2157 eum
562 2100 667 2171 hymno
690 2099 862 2158 Callimachi
882 2100 975 2172 primo
998 2099 1103 2169 debere
1136 2101 1264 2168 eluceat;
1296 2101 1382 2158 immo

249 2201 282 2253 ut
302 2196 349 2253 hic
370 2196 453 2254 deum
474 2200 574 2253 natum
596 2195 668 2254 facit
687 2197 767 2254 velut
787 2197 931 2255 hominem
951 2197 1197 2270 humanarumque
1223 2214 1319 2256 rerum
1339 2199 1382 2255 iu·

251 2293 414 2363 digestam,
444 2293 486 2350 sic
507 2297 609 2350 contra
629 2293 802 2351 Theocritus
827 2294 938 2352 minore
965 2309 1029 2352 cum
1055 2294 1199 2362 doctriua,
1233 2311 1297 2353 cum
1317 2299 1382 2352 arte

249 2390 358 2448 maiore
388 2405 487 2460 regem
508 2406 524 2447 e
545 2390 661 2462 vulgari
692 2390 829 2448 nascendi
859 2391 972 2449 ratione
1003 2397 1150 2462 tamquam
1176 2392 1278 2450 eximit
1302 2396 1332 2450 et
1351 2392 1382 2448 in

250 2487 383 2544 altiorem
408 2487 528 2559 gradum
560 2488 645 2545 tollit.
688 2486 746 2546 Sed
767 2488 802 2546 de
828 2488 874 2546 his
899 2490 961 2547 eius
981 2490 1112 2548 uersibus
1134 2489 1282 2563 (53-70)
1307 2488 1383 2547 infra

250 2582 321 2640 mihi
342 2582 535 2641 disserendum
557 2584 620 2641 erit.

328 2681 448 2737 Interim
477 2680 514 2737 ad
537 2680 745 2738 Callimachum
765 2682 939 2740 revertimur
960 2686 1027 2753 post
1047 2682 1127 2739 Iouis
1152 2682 1312 2753 primordia
1332 2682 1382 2739 de-

249 2778 430 2843 scribentem,
452 2777 594 2847 quomodo
611 2778 636 2834 is
657 2794 775 2851 regnum
796 2778 1001 2836 immortalium
1016 2780 1073 2837 sibi
1093 2779 1299 2847 vindicaverim
1325 2795 1382 2850 qua

249 2875 279 2930 in
300 2891 332 2931 re
353 2878 456 2945 poetas
470 2874 663 2947 reprehendit,
686 2875 760 2946 quod
774 2892 831 2933 non
845 2892 915 2933 vera
929 2876 965 2934 de
987 2876 1064 2935 Iouis
1077 2876 1198 2948 imperio
1214 2876 1380 2934 cecinerint:

250 2968 353 3046 δηναιοὶ
375 2968 396 3027 δ’
419 2969 450 3027 οὐ
471 2970 584 3046 πάμπαν
605 2970 722 3047 ἀληθέες
735 2970 803 3049 ἦσαν
825 2970 924 3029 ἀοιδοί·
946 2971 1032 3049 φάντο
1053 2972 1140 3031 πάλον
1154 2970 1303 3050 Κρονίδῃοι
1323 2970 1382 3029 διά-

248 3088 328 3145 τριχα
350 3066 464 3140 δώματα
485 3070 573 3142 νεῖμαι
594 3068 646 3143 (60
667 3084 722 3141 sq.;
749 3070 785 3126 cf.
808 3069 895 3129 Hom.
918 3068 943 3127 Ο
967 3071 1022 3128 187
1044 3086 1119 3140 sqq.‚
1145 3068 1261 3127 Hesiod.
1285 3070 1382 3141 theog.

200 3193 203 3195 ·
250 3165 304 3222 881
330 3178 405 3235 sqq.‚
437 3164 532 3236 hymn.
555 3165 629 3222 hom.
654 3167 681 3235 t,
704 3166 741 3223 85
763 3166 847 3241 squ).
890 3167 981 3237 Quam
1007 3166 1181 3224 sententiam
1207 3182 1289 3222 suam
1315 3181 1381 3222 con·

249 3260 346 3318 firmet
365 3260 494 3319 versibus
516 3262 714 3332 sequentibus:
735 3260 774 3325 τίς
794 3261 825 3319 δέ
847 3262 870 3320 κ’
886 3261 925 3319 ἐπ’
949 3260 1081 3338 οὐλύμπῳ
1103 3260 1192 3320 τεκαὶ
1214 3258 1266 3318 datr
1280 3263 1381 3337 κλῆρον

250 3356 369 3434 ἐρύσσαι,
398 3356 427 3420 ὃς
448 3357 523 3432 μάλα
545 3357 583 3433 μὴ
606 3356 740 3434 νενίηλος;
767 3359 843 3430 quod
864 3359 911 3417 hic
930 3360 1058 3432 Neptuni
1079 3376 1141 3416 sors
1163 3358 1321 3426 omittitur,
1352 3357 1383 3414 id

250 3470 316 3527 uon,
338 3460 373 3512 ut
387 3453 578 3513 Schneiderus
591 3454 695 3524 voluit,
717 3454 827 3512 factum
848 3461 893 3513 est
906 3456 1022 3513 iactura
1042 3456 1072 3511 in
1087 3454 1231 3512 codicibus
1246 3454 1379 3524 admissa,

250 3552 299 3609 sed
321 3552 356 3610 de
377 3551 521 3609 industria
541 3562 628 3624 poeta
649 3557 762 3610 tautum
784 3552 900 3625 Olympi
921 3557 952 3611 et
964 3552 1033 3611 Orci
1054 3552 1227 3610 mentionem
1248 3551 1328 3619 iecit,
1350 3556 1383 3606 ut

250 3650 327 3707 inter
348 3665 379 3707 se
400 3654 572 3721 opponeret,
605 3664 679 3720 quae
705 3648 802 3707 τόσσον
829 3648 893 3706 ὅσον
920 3648 962 3706 διὰ
986 3650 1111 3706 πλεῖστον
1136 3650 1243 3725 ἔχουοιν
1274 3643 1382 3721 (64)“).

250 3744 423 3805 Callimachi
443 3746 532 3819 igitur
547 3746 681 3818 opinione
703 3761 758 3802 non
773 3751 867 3804 sortes
881 3745 978 3803 Iovem
994 3745 1112 3801 deorum
1126 3760 1225 3815 regem
1243 3742 1382 3812 feceruut,

250 3843 299 3901 sed
321 3844 386 3919 ἔργα
406 3846 522 3921 χειρῶν,
543 3842 576 3919 ori
597 3864 626 3900 τε
649 3841 691 3919 βίη
712 3842 743 3901 τά
764 3864 794 3901 τε
816 3840 938 3920 Κάρτος,
972 3840 987 3899 ὃ
1009 3841 1054 3901 καὶ
1079 3840 1163 3903 πέλας
1189 3840 1262 3898 eicco
1288 3839 1382 3916 δίφρου

322 4070 342 4137 Ι)
363 4068 408 4125 Sic
435 4070 511 4124 recte
538 4068 672 4123 iudicavit
695 4066 728 4123 Ο.
750 4066 913 4121 Richterus:
943 4066 1148 4135 ,Callimachus
1177 4065 1307 4135 Hymnen
1336 4062 1386 4117 aui

250 4155 321 4211 Zeus
340 4155 398 4211 und
416 4156 527 4227 Apollo.
548 4187 580 4195 -
601 4155 674 4210 Zwei
691 4155 832 4209 Momente
854 4156 892 4209 im
910 4154 1005 4210 Leben
1028 4154 1077 4209 des
1096 4152 1273 4208 Ptolemaeus
1291 4151 1383 4205 Phila·

249 4243 394 4313 delphns“,
412 4244 508 4313 Progr.
529 4242 635 4298 Guben.
665 4245 740 4311 1871,
760 4260 786 4312 p.
806 4246 823 4297 4
841 4260 883 4313 sq.
903 4273 939 4282 -
