3217 4950
717 502 936 565 ..49-

264 696 380 766 critum,
412 697 526 766 poetam
558 692 733 763 bucolicum,
765 692 911 766 pertinere
942 697 1055 764 putant.
1097 691 1214 751 Etenim
1245 697 1331 764 poeta
1361 698 1394 750 ut

264 808 359 852 secum
373 791 472 849 Iovem
493 793 650 862 comparat,
672 791 715 847 ita
733 805 797 846 cum
812 789 967 848 Theocrito
988 788 1039 846 illo
1060 789 1173 848 confert
1191 787 1392 861 Ganymeden:

263 889 405 962 Iuppiter,
428 886 616 946 Theocritum
638 887 745 957 oderis,
767 887 793 945 si
813 903 859 945 me
880 887 957 956 odit3
991 887 1037 944 sin
1057 891 1213 958 meamet,
1236 887 1392 952 amaverim

262 1003 328 1044 nam
350 990 382 1042 tu
405 983 535 1042 conscius
556 1001 587 1043 es
608 985 749 1056 dolorum,
779 1000 850 1055 quos
870 981 1048 1056 Ganymedis
1074 1000 1154 1043 amor
1179 983 1248 1041 olim
1268 983 1323 1042 tibi
1344 1000 1394 1056 pa·

261 1085 352 1148 ravim
374 1081 495 1154 proinde
516 1081 587 1138 mihi
600 1097 675 1137 nunc
690 1097 852 1150 succurras,
874 1080 924 1152 qui
938 1087 968 1138 et
981 1081 1044 1154 ipse
1057 1081 1139 1154 pueri
1154 1097 1252 1139 amore
1272 1083 1393 1139 vexatus

261 1197 333 1240 sum.
361 1179 451 1250 Quem
473 1177 608 1236 carminis
629 1193 742 1235 sensum
764 1176 788 1234 si
808 1182 889 1234 recte
909 1177 1062 1249 explicavi,
1084 1177 1119 1235 de
1134 1176 1290 1235 Theocrito
1305 1176 1393 1250 Syra·

262 1293 366 1335 cusano
388 1274 565 1334 nullomodo
586 1289 671 1346 posse
686 1273 808 1346 cogitari
822 1279 958 1346 apparet3
980 1289 1046 1331 nam
1067 1273 1115 1345 qui
1130 1274 1248 1332 tandem
1262 1274 1391 1334 accidere

262 1375 364 1447 potuit,
387 1378 419 1430 ut
432 1377 584 1445 poetarum
605 1372 768 1441 aequalium
789 1371 866 1428 alter
884 1370 1004 1429 alterius
1024 1374 1171 1442 tamquam
1192 1371 1274 1443 pueri
1294 1386 1392 1428 amore

261 1474 436 1544 caperetur?
477 1469 567 1542 Quasi
594 1468 725 1540 Iuppiter
757 1484 820 1526 cum
852 1484 925 1539 puer
956 1474 1033 1526 esset
1063 1484 1183 1541 puerum
1203 1467 1391 1541 Ganymeden

261 1572 387 1626 amasset
417 1570 469 1623 aut
494 1569 591 1622 aetate
617 1564 733 1622 adultus
753 1565 846 1622 virum
872 1565 1024 1637 rapuisset.
1066 1565 1133 1623 Hoc
1158 1569 1217 1624 tam
1238 1565 1391 1623 ridiculum

259 1671 304 1724 est
324 1681 410 1736 qnam
430 1664 456 1722 si
477 1662 648 1720 Theocritus
678 1663 742 1721 vice
772 1679 859 1720 versa
889 1663 919 1720 in
950 1663 1076 1720 carmine
1107 1660 1158 1720 illo
1190 1663 1390 1721 amoenissimo

259 1760 388 1837 (XXIX)
408 1761 504 1818 verbis
526 1759 549 1816 ὦ
570 1757 630 1827 φίλε
651 1761 701 1816 παῖ
723 1759 769 1834 (l)
789 1760 921 1833 intellegi
941 1760 1081 1818 uoluisset
1102 1758 1312 1819 Callimachum
1333 1761 1390 1832 Cy·

258 1875 415 1917 renensem.
457 1857 501 1915 De
532 1856 615 1930 pueri
646 1859 742 1913 autem
775 1872 873 1914 amore
904 1857 934 1913 in
966 1857 1017 1914 illo
1049 1857 1260 1929 epigrammate
1285 1857 1335 1930 agi
1357 1875 1390 1916 eo

258 1971 370 2026 quoque
394 1953 539 2022 minatur,
565 1952 640 2023 quod
662 1953 769 2009 usitata
791 1952 967 2024 Ganymedis
988 1954 1165 2026 comparatio
1191 1954 1246 2012 nisi
1267 1955 1303 2012 de
1325 1972 1391 2026 pae-

259 2050 420 2110 dicentibus
441 2066 497 2108 uon
517 2049 639 2121 legitur3
670 2065 736 2106 nam
757 2049 901 2121 Theognis
926 2051 1000 2106 1345
1023 2066 1084 2121 sqq.
1107 2050 1190 2108 dicit:
1224 2053 1389 2126 παιδοφιλεῖν

259 2148 330 2206 δέτι
350 2146 473 2224 τερπνόν,
496 2143 556 2203 ἐπεί
575 2166 641 2202 ποτε
663 2143 707 2203 καὶ
729 2143 907 2221 Γανυμήδους
927 2144 1012 2223 ἤρατο
1033 2145 1079 2204 καὶ
1093 2144 1229 2225 Κρονίδης
1251 2151 1325 2216 asim
1352 2148 1388 2207 cf.

259 2244 347 2302 etiam
365 2241 458 2303 Anth.
476 2243 572 2302 Palat.
594 2242 668 2311 XII,
689 2242 736 2300 65.
758 2243 805 2302 69.
830 2245 902 2312 133;
925 2248 979 2301 etc.
1022 2244 1117 2315 Quare
1144 2245 1257 2316 siquid
1278 2250 1388 2304 certum

256 2345 310 2406 est,
341 2342 395 2398 hoc
426 2341 496 2398 mihi
527 2345 572 2398 est
598 2339 787 2398 certissimum
820 2339 867 2397 τὸν
892 2339 924 2397 τὸ
946 2339 1030 2399 καλὸν
1057 2342 1224 2416 μελανεῦντα
1245 2339 1388 2419 Θεόκριτον

256 2454 313 2497 non
345 2455 408 2497 esse
439 2441 554 2511 poetam
574 2436 748 2495 bucolicum.
791 2434 842 2494 Ad
867 2436 972 2496 falsam
1001 2442 1098 2496 autem
1123 2438 1288 2512 opinionem
1309 2439 1388 2498 ducti

257 2541 332 2605 suut,
347 2537 377 2592 ni
391 2534 487 2604 fallor,
509 2534 709 2603 simihtudine,
731 2550 805 2605 quae
820 2539 936 2593 exstare
954 2534 1068 2593 videtur
1087 2536 1164 2594 inter
1180 2536 1388 2594 Callimachum

257 2638 286 2689 et
300 2632 449 2690 Theocriti
470 2646 572 2691 versus
593 2632 659 2689 hos:
682 2630 800 2708 δένδρεσι
822 2631 873 2705 μὲν
894 2630 999 2708 χειμὼν
1014 2633 1130 2709 φοβερὸν
1152 2631 1245 2698 κακόν,
1267 2631 1344 2690 ὕδασι
1364 2632 1387 2690 δ’

256 2727 371 2806 αὐχμός,
398 2726 495 2805 ὄρνισιν
516 2725 538 2784 δ’
565 2725 691 2802 ὕσπλαγξ,
720 2725 875 2804 ἀγροτέροις
901 2727 932 2784 δὲ
958 2726 1027 2800 λίνα,
1050 2727 1137 2805 ’ἀνδρὶ
1163 2729 1193 2787 δὲ
1223 2729 1388 2807 παρθενικᾶς

256 2826 360 2889 ἁπαλᾶς
381 2824 479 2888 πόθος·
502 2823 525 2882 ὦ
546 2824 632 2902 πάτερ
654 2822 756 2895 ὦΖεῦ,
778 2823 809 2882 οὐ
832 2824 915 2899 μόνος
928 2824 1061 2902 ἠράσθην,
1083 2825 1129 2884 καὶ
1149 2826 1180 2884 τὺ
1199 2826 1388 2903 γυναικοφίλας

256 2922 296 2995 (8,
310 2925 346 2981 57
360 2921 443 2996 sqq).
474 2922 520 2979 De
534 2923 636 2980 horum
650 2939 782 2979 versuum
801 2926 920 2980 auctore
934 2923 990 2980 etsi
1011 2922 1168 2991 dubitatur,
1190 2929 1288 2981 tamen
1312 2925 1387 2981 hano

256 3020 403 3092 stropham
411 3019 834 3091 siveTheocritusscripsitsiue
845 3019 927 3091 alins,
941 3018 1133 3079 Callimachus
1144 3020 1386 3093 incpigrammate

255 3132 311 3173 non
326 3116 456 3173 imitatus
470 3120 526 3172 est:
548 3118 573 3172 is
587 3116 660 3173 enim
677 3116 851 3173 mentionem
871 3116 943 3173 facit
955 3116 1033 3175 Iovis
1054 3133 1110 3175 non
1123 3116 1314 3194 γυναικοφίλου
1335 3119 1386 3177 sed

255 3212 441 3289 παιδεραστοῦ.
483 3210 585 3281 Neque
610 3210 707 3269 verius
732 3211 762 3268 in
784 3212 959 3270 contrariam
984 3216 1097 3285 partem
1118 3212 1264 3271 iudicatm·
1283 3230 1319 3271 ex
1340 3215 1386 3273 his

254 3307 457 3366 Gallimaoheis
478 3306 664 3365 Theocritum
686 3307 746 3366 sive
767 3308 855 3366 alium
876 3309 1017 3380 quendam
1042 3311 1109 3369 illos
1129 3326 1229 3369 versus
1250 3311 1384 3370 efforma-

254 3406 340 3477 visse‚
374 3409 407 3463 ut
427 3404 668 3463 Valckenaerium
698 3410 814 3465 secutus
840 3406 1001 3465 Brinherus
1031 3411 1115 3479 putat
1139 3409 1180 3482 (p.
1203 3406 1264 3483 28).
1306 3409 1384 3480 Quae

254 3502 398 3559 sententia
428 3517 462 3559 co
493 3502 586 3573 magis
619 3503 646 3560 ei
678 3502 827 3575 probanda
857 3503 985 3576 videtur,
1019 3505 1094 3575 quod
1120 3505 1151 3562 in
1175 3506 1263 3565 Anth.
1285 3504 1383 3566 Palat.

254 3600 413 3670 complures
433 3604 565 3657 auctores
579 3616 705 3658 amorem
722 3617 803 3658 suum
818 3606 956 3659 tueantur
969 3602 1100 3674 exemplo
1114 3601 1192 3661 iovis
1212 3600 1383 3678 φιλόπαιδος.

252 3698 316 3754 Hoc
347 3701 484 3767 quantum
515 3695 613 3754 valeat
638 3697 704 3756 inde
730 3697 927 3769 intellegitur,
958 3698 1034 3769 quod
1065 3700 1095 3755 iu
1117 3698 1299 3756 Theocriteis
1324 3699 1383 3756 illis

252 3794 385 3867 Iuppiter
406 3793 528 3869 φιλόπαις
549 3795 627 3852 nullo
652 3796 735 3854 verbo
757 3797 886 3867 tangitur
911 3803 942 3854 et
969 3797 1196 3871 „interpolator“
1219 3798 1383 3870 Daphnidis

253 3908 340 3950 causa
360 3907 477 3963 prorsus
498 3891 569 3949 scite
594 3892 758 3969 παρθενικᾶς
779 3893 885 3957 daulis
910 3910 944 3952 ac
965 3894 1067 3953 deinde
1088 3895 1168 3953 Iovis
1191 3893 1382 3973 γυναικοφίλου

252 3988 425 4046 mentionem
445 3985 524 4048 facit.
566 3988 689 4049 Omnino
711 3995 743 4048 ut
763 3992 793 4048 in
814 4008 864 4049 suo
886 3992 1012 4051 carmine
1034 3992 1226 4051 Callimachus
1248 4009 1316 4051 usus
1337 3998 1382 4051 est

172 4098 176 4106 ’
252 4085 465 4157 comparatione
495 4086 573 4143 haud
604 4103 685 4157 rara,
718 4088 761 4145 ita
782 4089 955 4148 Theocritus
986 4091 1047 4148 sive
1077 4094 1165 4163 poeta
1191 4089 1381 4148 Theocriteus

250 4197 358 4239 morem
372 4183 557 4254 comparandi
570 4189 684 4244 secutus
698 4192 742 4243 est
756 4184 950 4259 divulgatum3
973 4205 1039 4245 nam
1059 4187 1137 4260 apud
1151 4187 1378 4260 Aristophanem

1193 4285 1222 4337 .4
