3217 4950
684 514 944 593 -3-'

216 719 341 778 tribuitt’
380 719 460 778 Nihil
478 719 534 779 nisi
554 719 593 792 id,
615 718 691 790 quod
704 723 856 793 poetarum
875 721 934 778 ritu
947 719 1045 779 multis
1065 719 1233 778 mulieribus
1252 718 1345 779 tribui

215 819 325 889 potest:
359 809 497 892 iqdipu'c'
520 813 631 894 άλοχυς,
661 816 709 879 τάς
729 813 800 879 οὔτις
821 814 918 894 ἀρείων
939 814 1052 892 νυμφίον
1073 814 1102 873 ἐν
1122 815 1260 894 μεγάροισι
1279 816 1346 893 γυνά

216 909 383 989 neptalia?
405 911 525 989 ἀγοστῴς
556 927 621 970 nam
645 911 735 971 verba
754 928 828 984 quaa
858 917 1016 985 sequuntur
1040 911 1072 972 ἐκ
1096 911 1188 988 θυμοί)
1208 912 1347 990 crappum

216 1005 374 1084 κασίγνητάν
394 1029 425 1066 τε
438 1007 515 1067 πόσιν
528 1030 567 1082 τε,
589 1009 692 1067 melius
706 1013 771 1067 erat
791 1009 894 1068 omitti.
926 1008 1043 1068 Etenim
1056 1009 1268 1068 matrimonium
1282 1026 1346 1069 oum

216 1105 332 1177 gemina
358 1121 457 1165 sorore
482 1107 585 1165 initum
616 1106 670 1164 etsi
699 1121 757 1164 non
794 1105 938 1165 insuetum
963 1111 1028 1164 erat
1053 1107 1218 1180 Aegyptiis,
1248 1112 1347 1165 minen

217 1201 338 1261 Graecis
364 1202 624 1276 Macedonibusque
650 1202 822 1260 detestabile
847 1202 999 1262 videbatur
1029 1220 1064 1262 ac
1088 1219 1180 1277 paene
1205 1203 1346 1262 incestum

217 1299 268 1374 (cf.
289 1299 433 1373 Dreysen.
455 1318 483 1374 p.
506 1301 563 1360 265
585 1299 670 1375 sqq).
713 1299 808 1370 Quare
828 1299 981 1358 dolendum
1001 1305 1054 1371 est,
1076 1301 1151 1372 quod
1164 1301 1344 1372 Theocritus,

217 1403 305 1471 poeta
325 1398 474 1469 egregius,
505 1401 588 1455 tanta
609 1395 774 1454 adulatione
798 1410 868 1454 usus
888 1397 940 1465 sit,
971 1401 1005 1454 ut
1024 1401 1171 1468 tamquam
1191 1397 1346 1454 excusandi

216 1493 314 1566 gratie
335 1510 398 1551 cum
418 1493 469 1552 illo
490 1491 673 1550 matrimonio
698 1496 881 1564 compararet
906 1493 1074 1552 caelestium
1095 1493 1165 1571 ἱερὸν
1185 1492 1284 1568 γάμον.
1305 1525 1343 1535 —-

216 1589 350 1662 Denique
370 1589 469 1664 paucis
489 1589 619 1647 versibus
639 1589 806 1646 narratione
828 1588 863 1647 de
875 1589 946 1648 Iove
966 1594 996 1648 et
1009 1590 1120 1648 Iunone
1139 1591 1271 1649 confecta
1289 1591 1347 1649 toti

218 1688 338 1746 carmini
358 1687 442 1746 linem
462 1685 584 1758 imponit
607 1684 652 1742 his
672 1685 768 1744 verbis
789 1684 861 1760 (135
882 1685 972 1760 sqq.):
997 1689 1077 1764 χαῖρε
1098 1684 1163 1753 ἄναξ
1182 1685 1345 1762 Πτολεμαῖε·

220 1784 298 1843 σέθεν
321 1781 342 1842 δ’
371 1783 424 1859 ἐγὼ
443 1782 489 1841 ἴσα
513 1781 559 1842 καὶ
583 1779 674 1841 dilus
700 1780 837 1857 μνάσομαι
866 1781 990 1859 ἡμιθέων
1014 1786 1073 1843 ιιτλ.
1114 1784 1183 1855 Quis
1213 1785 1260 1842 hic
1289 1801 1346 1842 non

217 1882 339 1954 requirit
349 1882 489 1940 Arsinoae
503 1879 685 1953 mentionem,
701 1879 727 1938 si
740 1878 856 1951 quidem
869 1879 905 1938 de
916 1880 1025 1953 nuptiis
1038 1881 1217 1940 celebrandis
1231 1880 1346 1954 agitari

217 1979 258 2036 At
277 1995 370 2036 nonne
391 1977 462 2036 haee
475 1978 565 2036 verba
586 1977 648 2036 sela
661 1981 786 2050 arguunt
798 1975 903 2036 falsam
923 1994 985 2036 esse
999 1977 1142 2052 Hempelii
1163 1979 1346 2051 opinionem?

216 2073 279 2132 Iam
309 2089 373 2131 cum
403 2073 558 2132 viderimus
588 2074 718 2133 versibus
751 2075 808 2133 129
839 2091 906 2146 sqq.
937 2075 1149 2133 matrimonium
1184 2075 1259 2148 regis
1289 2090 1346 2132 non

219 2175 433 2244 „summopere“
456 2171 607 2243 celebrari,
634 2176 667 2229 ut
691 2176 777 2244 putat
797 2171 844 2230 vir
863 2172 914 2230 ille
935 2171 1050 2243 doctus,
1075 2189 1112 2230 ne
1132 2172 1163 2230 id
1182 2172 1298 2244 quidem
1318 2171 1346 2230 ei

218 2266 403 2326 concedamus
423 2268 491 2326 inde
511 2267 594 2339 effici,
615 2272 648 2325 ut
669 2283 784 2337 carmen
798 2268 987 2342 compositum
1007 2268 1045 2326 sit
1069 2269 1165 2338 „brevi
1178 2274 1245 2341 post
1264 2268 1346 2327 illum

217 2369 355 2432 annum“‚
386 2380 442 2436 quo
467 2365 584 2438 nuptiae
608 2363 697 2422 fuere.
738 2363 841 2422 Potius
866 2364 898 2422 hi
922 2379 1021 2422 versus
1046 2365 1075 2423 ei
1094 2371 1174 2437 sunt,
1206 2370 1239 2423 ut
1259 2366 1347 2424 etiam

217 2461 349 2535 longiore
374 2461 467 2535 spatio
499 2466 565 2536 post
589 2460 676 2521 scribi
702 2459 885 2537 potuerint¹).
931 2461 1009 2522 Nam
1038 2461 1113 2533 quod
1138 2460 1345 2535 Philadelphus

221 2560 385 2633 appellatur
403 2558 525 2636 νυμφίος,
546 2558 707 2632 Hesychius
721 2558 880 2617 andiendus
900 2562 952 2625 est,
974 2558 1024 2630 qui
1036 2558 1108 2617 haec
1128 2559 1210 2617 dicit:
1235 2556 1347 2635 νυμφίον

218 2656 264 2715 καὶ
284 2655 391 2734 νύμφην
411 2654 499 2714 πάντα
512 2654 558 2713 τὸν
572 2654 694 2731 γήμαντα
708 2653 753 2713 καὶ
766 2652 1038 2731 παιδοποιησάμενον,
1060 2653 1110 2714 κάν
1125 2654 1303 2733 πολυχρόνιος
1316 2651 1347 2733 ᾗ.

218 2752 309 2826 Apud
329 2752 516 2811 Theocritum
535 2752 643 2825 legitur
662 2752 692 2811 id
711 2752 880 2811 vocabulum
900 2756 1016 2825 praeter
1028 2753 1103 2809 huno
1122 2754 1217 2810 locum
1237 2751 1267 2808 in
1287 2752 1347 2810 solo

220 2867 244 2908 c.
260 2850 307 2922 22,
332 2852 388 2909 154
402 2866 455 2921 sq,
475 2848 526 2907 ubi
539 2846 647 2924 νυμφίον
668 2848 877 2921 intelleguntur
891 2864 959 2906 sane
979 2849 1084 2922 sponsi.
1125 2848 1238 2906 Eadem
1257 2847 1348 2919 signi-

218 2945 315 3004 ficatio
329 2949 425 3003 exstat
444 2962 486 3004 vs.
505 2945 571 3014 179,
592 2944 618 3001 si
637 2960 707 3003 vere
728 2960 826 3003 versus
840 2949 886 3003 est
899 2945 1094 3003 Theocribeus.
1129 2943 1172 3003 At
1193 2945 1229 3004 de
1243 2944 1348 3004 marito

219 3043 337 3115 ponitur
363 3041 440 3115 apud
465 3041 634 3114 Sophoclem
663 3042 693 3099 in
714 3040 785 3102 Oed.
805 3045 862 3114 tyr.
887 3042 977 3099 1358:
1009 3040 1073 3099 οὐδὲ
1103 3041 1216 3118 νυμφίος
1245 3044 1349 3120 βροτοῖς

219 3137 340 3216 ἐκλήθην
361 3137 400 3195 ὧν
421 3139 486 3215 ἔφυν
501 3134 564 3207 άπο,
586 3142 617 3195 at
637 3137 713 3211 apud
727 3135 904 3211 Aeschylum
917 3139 949 3196 in
962 3139 1042 3211 Sept.
1058 3139 1115 3196 756
1137 3154 1194 3209 sq:
1215 3136 1349 3215 παράνοια

219 3238 314 3310 συνᾶγε
335 3234 466 3313 νυμφίους
486 3234 633 3312 φρενώλεις
654 3234 706 3309 (of.
729 3235 818 3293 etiam
838 3234 921 3293 Hom.
944 3257 962 3311 η
984 3236 1022 3293 65
1044 3235 1123 3310 atel).

298 3333 353 3391 His
374 3332 468 3397 causis
481 3333 538 3391 iam
557 3331 693 3391 refutatis
712 3336 843 3405 apparat,
863 3337 1002 3403 quantum
1020 3332 1118 3390 valeat
1137 3333 1210 3391 haec
1224 3332 1350 3406 Koeppii

218 3431 373 3489 sententia:
408 3429 466 3499 „Es
490 3430 530 3489 ist
554 3429 642 3487 haum
663 3429 804 3501 denhbar‚
837 3429 895 3489 dass
916 3430 1054 3489 Theocrit
1078 3430 1158 3488 seina
1178 3429 1349 3502 Huldignng

100 3588 102 3594 Α
219 3528 275 3601 (vs.
298 3530 351 3585 131
375 3526 419 3601 ff.)
450 3526 537 3599 lange
557 3526 621 3585 Zeit
645 3528 718 3585 nach
744 3526 795 3585 der
815 3526 1015 3599 Vernahlung
1035 3527 1232 3599 dargebracht
1256 3527 1347 3586 habe“

221 3623 447 3697 (liparo).
489 3622 571 3681 idem
595 3624 650 3682 hoo
675 3640 786 3696 quoque
811 3624 905 3682 addit:
937 3624 1072 3695 quoniam
1096 3628 1186 3696 poeta
1211 3625 1247 3682 de
1271 3625 1351 3696 regis

219 3720 397 3792 parentibus,
419 3719 560 3792 imprimis
574 3718 609 3777 de
624 3719 763 3779 Berenice
777 3726 870 3778 matre
884 3720 915 3778 in
929 3719 1047 3778 dearum
1067 3736 1216 3779 numerum
1236 3721 1350 3779 sublata

219 3816 310 3873 verba
329 3814 419 3874 iaciat
439 3832 530 3888 paene
551 3816 637 3889 plura
658 3833 742 3888 quam
764 3817 799 3876 de
819 3818 882 3891 ipso
895 3816 1073 3889 Ptolemaeo,
1095 3817 1151 3875 hac
1172 3833 1282 3889 qnoque
1301 3833 1350 3874 ar-

294 3964 315 4033 ¹)
333 3962 417 4019 Falso
429 3962 589 4020 Haeberlin.
608 3964 638 4034 (l.
651 3964 682 4033 l.)
696 3981 805 4036 quoqne
818 3964 913 4020 statim
924 3967 990 4035 post
1004 3966 1116 4035 nuptias
1135 3982 1247 4021 caman
1265 3966 1351 4036 scrip·

220 4052 280 4106 tum
299 4066 361 4105 asse
379 4050 448 4106 vult.
483 4050 592 4106 Mecum
611 4052 750 4107 consentit
766 4052 799 4107 E.
818 4050 952 4121 Hillerns,
976 4053 1021 4107 vir
1047 4052 1237 4122 doctissimus‚'
1260 4053 1290 4107 in
1308 4070 1370 4108 re-·

221 4136 351 4193 censione
374 4136 404 4193 C.
426 4136 557 4192 Brinhem'
584 4138 800 4194 dissertationis:
828 4139 1023 4196 Wochenschr.
1045 4139 1065 4197 f.
1088 4139 1172 4197 hlass.
1196 4139 1296 4198 Philol.
1315 4140 1352 4211 ΙΙ,

223 4225 299 4293 1885,
317 4242 359 4281 nr.
377 4228 421 4281 41.
439 4254 473 4265 -
485 4244 502 4273 e
