3217 4950
688 523 907 588 ..30-

230 711 281 785 (66
303 712 370 786 sq.):
393 729 449 769 non
471 717 549 771 recte
564 713 714 772 Bentleius
729 716 858 773 correxit
877 715 895 791 ἦ
916 737 946 772 τε
967 713 1010 792 βίη
1027 717 1072 774 vel
1086 713 1138 791 Βίη
1158 716 1362 774 assentientem

229 809 337 867 habens
351 809 541 882 Meinekium3
557 827 607 869 cur
621 813 696 869 enim
710 817 777 885 post
791 811 825 889 σή
839 829 895 870 000
909 813 989 872 dicat
1002 811 1048 870 τόν
1063 813 1114 872 sed
1127 811 1168 882 τό,
1184 812 1361 869 demonstrat

229 905 372 964 sententia
392 907 516 966 relativa
538 907 552 965 d
573 907 619 968 aot
640 931 667 966 π.
691 907 765 966 eicco
788 911 828 979 δ.,
855 926 911 981 qua
930 911 1086 968 Homerica
1107 909 1232 968 formula
1251 912 1362 966 mutata

230 1001 267 1076 (0.
291 1019 314 1058 0.
338 1001 373 1060 cf.
397 1005 412 1060 δ
434 1005 501 1062 415.
525 1028 549 1064 ν.
568 1004 638 1080 143)
660 1006 818 1064 discrimen
838 1006 910 1065 iacit
930 1007 1007 1064 iuter
1027 1007 1102 1064 Iovis
1123 1007 1214 1079 ipsius
1234 1006 1311 1063 vires
1331 1009 1362 1062 et

227 1103 417 1172 potestatem,
450 1117 535 1172 quam
562 1105 710 1173 tamquam
735 1101 818 1160 deam
844 1099 982 1179 (Κάρτος)
1014 1104 1096 1160 iuxta
1126 1119 1158 1160 se
1182 1101 1299 1163 locavit.
1323 1133 1359 1144 -

229 1196 365 1255 Ceterum
376 1214 411 1254 00
423 1198 523 1255 horum
534 1198 648 1269 quidem
664 1215 796 1257 versuum
809 1198 958 1275 (ot-67)
974 1200 1145 1258 imitationis
1156 1199 1200 1257 vel
1209 1199 1360 1270 vestigium

228 1293 305 1366 apud
325 1293 513 1352 Theocritum
534 1295 688 1366 reperitur.

308 1391 365 1449 Sed
391 1392 448 1448 iam
470 1392 588 1450 taudem
613 1393 768 1463 aliquando
795 1397 955 1464 sequuntur
982 1393 1058 1462 ,loci
1077 1392 1277 1465 gravissimi“,
1310 1392 1359 1449 sol.

232 1488 281 1557 qui
301 1487 339 1545 ad
359 1487 537 1547 imitationes
551 1489 702 1548 Theocriti
722 1489 888 1561 probandas
909 1486 1064 1555 0011101001,
1085 1506 1155 1560 0000
1174 1487 1298 1547 10110000
1318 1495 1359 1558 10,

229 1585 322 1642 lector
344 1585 499 1654 carissime,
521 1603 619 1644 morae
640 1586 793 1658 impatiens
815 1586 864 1645 diu
886 1587 1102 1658 exspectavisti.
1130 1586 1265 1657 Iuppiter
1285 1585 1359 1642 enim

227 1679 350 1752 undique
373 1697 409 1738 ea
429 1683 616 1752 conquisivit,
649 1699 723 1753 quae
752 1683 861 1756 optima
880 1688 949 1741 0001
969 1687 999 1742 01
1023 1682 1271 1755 praeclarissima:
1302 1697 1360 1737 non

226 1777 319 1834 solum
340 1775 451 1854 Κάρτας
472 1795 561 1852 prope
575 1779 677 1837 solium
692 1796 774 1838 suum
788 1779 895 1851 posuit,
917 1779 968 1838 red
982 1780 1071 1837 etiam
1084 1779 1180 1837 avium
1194 1776 1360 1849 potentissi-

227 1891 318 1943 mam,
341 1875 476 1944 aquilam,
500 1876 585 1933 iussit
603 1876 734 1933 nuntium
755 1892 817 1934 esse
839 1875 1038 1948 prodigiorum
1057 1891 1173 1933 suorum
1193 1877 1224 1932 ct
1236 1874 1359 1946 impera-

228 1976 324 2029 torum
347 1971 399 2045 (68
421 1973 486 2047 010),
508 1973 575 2043 quin
597 1974 683 2032 etiam
704 1973 851 2031 hominum
871 1973 995 2045 optimos
1016 1971 1132 2047 (αἰζηῶν
1153 1969 1193 2028 ὅτι
1212 1968 1359 2046 φέρτατον)

226 2067 281 2126 sibi
308 2067 449 2126 curandos
475 2068 579 2140 elegit,
610 2085 668 2126 non
703 2073 893 2138 mercatores,
924 2085 982 2126 non
1006 2069 1128 2133 milites,
1160 2085 1218 2125 non
1246 2072 1357 2138 poetas,

227 2179 297 2234 quos
329 2181 427 2222 omnes
459 2165 624 2242 μακάρεσσιν
655 2163 768 2230 ὀλίζοσιν
799 2166 954 2236 concessit,
986 2165 1038 2222 sed
1068 2162 1251 2242 πτολιάρχους
1282 2161 1356 2237 (73).

228 2261 275 2318 Sic
295 2259 404 2319 factum
426 2266 480 2330 001,
501 2267 534 2319 01
555 2263 684 2320 homines
705 2262 854 2335 appellent
872 2262 971 2320 fabros
995 2260 1131 2331 Vulcani,
1152 2260 1259 2318 milites
1279 2260 1359 2317 Mar·

227 2359 280 2428 tis,
309 2363 461 2417 venatores
481 2358 610 2428 Dianae,
642 2363 809 2417 cantatores
832 2359 994 2431 Apollinim
1026 2358 1058 2418 ἐκ
1085 2358 1115 2416 δὲ
1136 2357 1200 2421 Διὸς
1225 2359 1357 2434 βασιλῆες·

228 2455 286 2514 ἐπεὶ
307 2455 369 2520 Διὸς
397 2453 474 2514 οὐδὲν
496 2453 621 2515 ἀνάκτων
647 2453 786 2531 θειότερον
808 2455 860 2529 (79
881 2454 951 2529 sq.):
985 2455 1027 2513 sic
1052 2455 1108 2514 hoc
1132 2457 1195 2514 1000
1217 2455 1357 2513 traditum

229 2562 272 2611 est
294 2553 489 2626 scrupulorum
513 2553 606 2625 pleno.
636 2553 733 2609 Verba
754 2552 830 2609 enim
851 2552 894 2610 ita
914 2554 1025 2626 scripta
1044 2553 1174 2625 intellegi
1195 2569 1252 2611 non
1273 2568 1357 2624 00000

226 2650 408 2707 consentiunt
438 2649 500 2707 iere
533 2665 638 2707 omnes.
681 2648 786 2719 Itaque
811 2650 1003 2707 Schneiderus
1033 2666 1091 2707 000
1115 2650 1216 2707 littera
1246 2654 1357 2706 mutata

225 2746 354 2819 scripsit:
378 2745 410 2805 ἐκ
431 2745 461 2803 δὲ
481 2744 545 2809 Διὸς
566 2748 703 2822 βασιλῆας,
726 2744 784 2803 ἐπεὶ
798 2744 870 2809 Διός·
900 2744 978 2804 οὐδὲν
999 2745 1125 2804 ἀνάκτων
1146 2749 1219 2810 salt
1241 2746 1356 2818 supple-

224 2840 522 2917 010001οε00ον
555 2843 622 2918 (76)
644 2843 674 2899 in
700 2845 931 2918 1100οβ001λῆοα
963 2844 1055 2902 verba
1086 2848 1180 2901 aurem
1209 2840 1267 2899 ἐπεὶ
1293 2841 1357 2905 Διὸς

224 2940 321 2998 fateor
340 2956 385 2997 me
407 2956 464 2998 nou
479 2940 694 2997 intellecturum
709 2939 808 3011 fuisse,
831 2940 888 2997 0101
909 2940 971 3012 1000
992 2940 1178 3012 explicasset:
1204 2939 1355 3009 „quoniam

224 3037 301 3095 Iovis
322 3041 389 3093 sunt
409 3037 427 3093 i.
452 3052 476 3093 0,
499 3036 600 3093 summi
621 3036 683 3105 dei,
714 3052 772 3093 nen
793 3036 916 3094 01100100
936 3053 972 3093 ex
998 3037 1139 3095 minorum
1160 3036 1276 3093 deorum
1302 3052 1356 3093 nu·

223 3138 320 3191 mero“
339 3132 370 3208 (Ι
388 3133 498 3208 159)¹).
524 3132 605 3206 Quae
620 3134 823 3206 interpretatio
837 3134 921 3191 nimis
936 3140 1017 3191 torta
1030 3139 1083 3205 est,
1100 3150 1183 3205 quam
1199 3148 1271 3203 quae
1285 3132 1356 3189 mihi

225 3229 402 3293 satisfaciat:
425 3246 459 3287 00
482 3230 517 3287 de
531 3230 751 3288 Wilamouitzio
773 3230 886 3301 quidem
900 3231 1017 3304 placuit,
1040 3231 1140 3310 quiin
1160 3232 1243 3287 textu
1263 3228 1352 3287 verba

223 3325 382 3397 depravata
403 3326 580 3397 reliquitur
601 3326 785 3385 adnotatione
800 3328 924 3386 coniecit
945 3326 988 3385 aa
1007 3325 1109 3406 χθονὸς
1129 3344 1182 3400 pro
1205 3324 1355 3387 tartidate:

222 3438 277 3479 nec
297 3428 394 3479 tamen
421 3422 604 3481 desideratur
634 3424 688 3481 hoc
712 3424 941 3482 additamentum
965 3440 1058 3495 neque
1078 3423 1204 3481 libenter
1225 3422 1355 3479 omittam

221 3519 394 3591 particulam
420 3516 481 3575 ἐπεί
499 3526 568 3592 apte
600 3520 804 3580 inservientem
832 3522 870 3579 ad
895 3521 1041 3579 firmanda
1067 3538 1140 3592 qnae
1166 3518 1352 3577 antecedunt:

223 3614 255 3674 ἐκ
279 3615 311 3673 δὲ
331 3614 395 3679 Διὸς
420 3617 553 3692 βασιλῆες.
605 3615 679 3675 Tres
704 3633 773 3676 vero
800 3618 858 3675 viri
882 3618 1061 3691 sagacissimi
1091 3634 1144 3690 pro
1175 3632 1206 3674 00
1236 3615 1355 3687 quisque

222 3713 405 3772 coniecerunt
436 3710 493 3769 ἐπεὶ
524 3708 601 3786 γένος
631 3716 704 3783 κτλ,
736 3712 945 3787 Peerlkampus
969 3715 1057 3790 (1100.
1083 3714 1191 3786 1101100.
1217 3729 1244 3785 0.
1272 3711 1354 3784 258),

221 3809 393 3881 Meiuekius,
415 3813 561 3886 Hauptius
583 3813 671 3889 (000.
692 3815 726 3873 H
750 3818 804 3873 141
827 3816 893 3890 00).
926 3816 1005 3887 Quae
1024 3813 1196 3882 emendatio,
1223 3813 1355 3885 quamvis

222 3907 353 3979 00001000
373 3909 420 3977 011,
442 3910 512 3968 mihi
532 3912 647 3981 quidem
667 3928 723 3969 000
745 3914 832 3986 01000
852 3912 1007 3985 probatum
1033 3928 1109 3969 nunc
1129 3910 1206 3968 enim
1226 3909 1355 3968 offendor

221 4004 252 4060 in
271 4020 342 4062 voce
363 4002 516 4083 θειότερον,
543 4008 609 4079 quia
630 4025 687 4066 non
707 4010 802 4081 logice
824 4009 959 4069 dicamur
977 4024 1064 4080 reges
1084 4008 1162 4067 Iovis
1183 4022 1353 4080 00000100-

294 4215 313 4284 ¹)
334 4212 468 4270 Similiter
485 4214 541 4269 iam
560 4214 704 4270 Heolerus
723 4216 895 4271 iudicaverat
911 4216 929 4273 l.
948 4215 966 4271 l.
985 4232 1012 4285 p.
1035 4216 1093 4270 129.
1117 4244 1150 4255 -
