3217 4950
728 533 927 597 ..9-

230 709 232 712 ¹
260 729 476 804 gumentatione
490 727 680 786 demonstrari
694 741 808 784 carmen
821 739 906 795 quam
926 724 1055 795 proxime
1069 722 1205 782 accedere
1225 723 1263 781 ad
1284 741 1311 782 a.
1327 724 1384 782 tto

261 829 302 903 (p.
325 826 404 902 211).
447 826 507 897 Quo
528 823 745 899 argumentandi
770 820 853 880 modo
878 836 1033 892 numquam
1056 821 1128 880 mihi
1151 820 1381 894 persuadebitur.

259 924 388 984 Primum
409 924 485 983 enim
505 922 540 980 de
560 919 727 993 parentibus
747 915 1170 992 (13—52)verbafiuntn0n
1190 933 1282 992 paene
1300 918 1385 990 plura

261 1038 346 1095 quam
367 1022 402 1080 de
423 1018 612 1090 Philadelpho
633 1015 810 1091 (53-134).
850 1013 966 1072 Deinde
986 1030 1038 1072 cur
1057 1031 1115 1072 non
1137 1014 1235 1086 quovis
1254 1019 1384 1087 tempore

262 1124 350 1192 poeta
371 1133 485 1175 carmen
506 1131 588 1174 suum
608 1113 652 1172 ita
671 1111 799 1186 potuerit
818 1111 985 1179 instituere,
1016 1116 1050 1169 ut
1070 1112 1218 1170 exordium
1239 1113 1387 1172 iacereta

259 1215 427 1290 parentibus
460 1213 535 1286 regis
566 1209 772 1277 collaudandis,
804 1226 859 1283 ego
888 1225 947 1268 non
977 1209 1070 1269 uideo.
1116 1211 1205 1268 Immo
1236 1210 1386 1272 fecithoc

259 1316 420 1386 propterea,
452 1316 485 1369 ut
506 1310 716 1368 demonstraret
735 1307 970 1367 Ptolemaeorum
999 1322 1090 1379 genus
1110 1307 1146 1366 de
1176 1307 1239 1381 ipso
1258 1308 1385 1368 Hercule

259 1408 361 1467 deduci
381 1413 412 1467 et
431 1410 565 1481 parentes
585 1404 766 1478 Philadelphi
791 1405 868 1463 inter
888 1405 958 1462 deos
977 1404 1131 1462 numerari
1166 1403 1261 1474 Quies
1291 1421 1385 1464 nonne

258 1506 324 1565 inde
346 1521 457 1577 quoque
471 1504 591 1561 multum
611 1501 704 1560 laudis
717 1501 900 1560 redundabat
921 1499 951 1558 in
963 1517 1069 1574 regem,
1090 1517 1174 1572 quern
1188 1503 1385 1561 celebraturus

262 1606 350 1661 erati>
388 1601 429 1660 Et
448 1603 536 1662 velim
550 1599 684 1659 attendas
704 1599 739 1658 de
759 1599 831 1672 ipsis
849 1599 935 1657 rebus
949 1599 1066 1670 Soteris,
1088 1599 1216 1670 quamvis
1235 1598 1343 1658 fuerint
1356 1608 1386 1659 et

258 1716 380 1771 magnae
411 1705 442 1756 et
472 1699 586 1765 multae,
618 1697 690 1754 nihil
720 1696 782 1754 fere
813 1695 912 1753 afferri
942 1700 1029 1767 atque
1059 1695 1090 1753 in
1119 1695 1261 1755 Berenice
1292 1704 1384 1756 matre

257 1796 380 1854 maxime
400 1796 564 1869 praedicari
584 1791 708 1852 divinam
728 1797 910 1866 potestatem.

334 1893 379 1951 At
397 1892 549 1966 Koeppius
569 1889 687 1963 opponit
699 1904 813 1948 versum
830 1891 885 1948 104
906 1906 961 1961 sq:
982 1884 1152 1968 ᾧέπίπαγχιι
1166 1889 1243 1965 μέλει
1261 1891 1384 1968 πατρώια

258 1989 346 2049 πάντα
377 1989 520 2066 φυλάσσειν
551 1984 585 2046 οἷ’
606 1985 701 2064 ἀγαθῷ
731 1988 844 2063 βασιλῆι,
875 1985 909 2044 τὰ
929 1985 960 2044 δὲ
991 1985 1155 2053 stratiletes
1175 1986 1263 2052 αὐτός.
1306 1989 1384 2048 Haec

261 2088 339 2146 enim
359 2092 443 2162 putat
463 2086 588 2160 potuisse
610 2083 694 2142 daeo
714 2085 775 2141 solo
796 2083 863 2156 dici,
887 2083 957 2154 „der
977 2089 1037 2142 erst
1056 2085 1112 2143 seit
1131 2087 1260 2158 wenigeu
1272 2087 1385 2145 Jahren

263 2186 315 2244 das
340 2184 497 2242 vitterliche
517 2181 596 2240 Erbe
620 2185 791 2254 angetreten
812 2182 881 2239 hat‘
907 2181 950 2257 (p.
972 2182 1053 2256 211).
1095 2184 1136 2241 At
1154 2184 1261 2243 iniuria
1280 2187 1385 2258 pressit

257 2283 347 2340 verba
366 2298 402 2339 ex
423 2281 485 2352 ipso
506 2283 642 2338 contextu
663 2283 787 2351 sumpta:
814 2284 902 2351 poeta
922 2279 995 2337 dicit
1013 2279 1079 2337 inde
1100 2295 1118 2336 a
1137 2297 1178 2339 vs.
1201 2284 1239 2340 97
1260 2298 1278 2341 a
1297 2283 1383 2342 nullis

258 2379 387 2436 hostibus
406 2378 569 2451 Aegyptm
589 2376 765 2448 perturbari,
799 2376 868 2447 quia
886 2382 990 2448 regnat
1009 2375 1204 2450 Ptolemaeus,
1238 2395 1289 2437 rex
1311 2382 1383 2439 artis

259 2476 380 2547 bellicae
400 2473 476 2534 haud
496 2476 646 2547 imperitus
671 2471 863 2549 (interciperet
883 2472 947 2551 δόρυ
968 2472 1080 2533 πάλλειν
1105 2493 1147 2536 vs.
1170 2477 1255 2553 103),
1281 2484 1312 2536 et
1331 2479 1383 2536 im-

258 2574 333 2647 perii
363 2573 433 2632 fines
454 2590 471 2631 a
490 2579 573 2645 patre
593 2572 710 2631 relictos
735 2570 863 2631 defendit
888 2578 974 2644 atque
1006 2574 1094 2631 etiam
1119 2576 1288 2647 expugnatis
1318 2576 1383 2635 aliis

257 2675 408 2743 propagat.
451 2669 546 2740 Quare
570 2684 607 2727 ne
627 2668 758 2742 Koeppio
784 2668 899 2740 quidem
924 2685 1060 2742 prospere
1084 2672 1222 2729 successit
1245 2671 1283 2745 id,
1306 2673 1382 2743 quod

257 2768 348 2827 voluit
368 2768 477 2840 docere,
500 2782 615 2825 carmen
634 2768 773 2839 scriptum
794 2782 856 2825 esse
876 2768 976 2825 statim
996 2772 1061 2840 post
1081 2784 1105 2826 a
1130 2769 1198 2829 276.

333 2863 400 2923 Una
419 2869 512 2923 restat
532 2864 653 2935 denique
675 2880 773 2937 causa,
806 2880 893 2935 quam
912 2866 1037 2937 primum
1056 2881 1075 2923 a
1094 2865 1274 2924 Buechelero
1296 2884 1379 2927 exco-

264 2963 386 3035 gitatam
417 2963 449 3039 (l.
481 2963 500 3020 l.
532 2979 560 3035 p.
593 2960 646 3035 56)
676 2962 825 3034 Koeppius
855 2962 1002 3034 amplexus
1036 2966 1093 3019 est:
1126 2963 1230 3021 etenim
1261 2980 1325 3021 cnm
1354 2966 1385 3022 iu

262 3061 345 3133 regni
365 3060 520 3133 provinciis
541 3059 714 3116 enumeratis
728 3058 841 3132 Cyprus
860 3058 955 3117 insula
975 3060 1080 3117 omissa
1099 3059 1138 3117 sit
1158 3060 1224 3135 (vss.
1247 3062 1285 3119 86
1306 3063 1383 3137 sqq.)

257 3162 287 3214 et
306 3156 465 3215 Pausanias
486 3156 521 3232 (Ι,
544 3158 570 3227 7,
595 3155 625 3230 l)
646 3155 681 3213 de
695 3155 884 3227 Philadelpho
905 3160 1016 3213 narret:
1039 3153 1178 3215 ἀπέκτεινε
1192 3156 1222 3214 δὲ
1236 3156 1281 3216 καὶ
1302 3155 1384 3216 ἄλλον

257 3252 374 3331 ἀδελφὸν
388 3252 516 3328 γεγονότα
527 3250 555 3318 ἐξ
569 3249 730 3330 Εὐρυδίκης,
745 3250 884 3329 Κυπρίους
897 3250 1043 3328 ἀφιστάντα
1053 3250 1215 3327 αἰσθόμενος
1225 3254 1382 3331 (Droysen.

257 3368 285 3423 p.
309 3352 365 3409 319
387 3350 450 3408 adn.
475 3349 514 3424 1),
535 3354 656 3420 uterque
676 3349 722 3406 vir
742 3348 843 3406 doctus
856 3348 1017 3406 arbitratur
1036 3349 1100 3421 ipso
1113 3348 1192 3409 illius
1213 3352 1383 3412 deiectionis

257 3454 386 3521 tempore
417 3464 532 3506 carmen
551 3444 644 3507 XVII
670 3463 733 3505 esse
763 3446 964 3518 conscriptum.
1005 3447 1045 3504 At
1075 3464 1160 3518 quam
1189 3448 1291 3507 inscite
1322 3455 1383 3509 tum

258 3544 429 3603 Theocritus
448 3543 570 3601 insulam
591 3543 733 3601 omisisset
753 3544 836 3615 quasi
854 3544 917 3616 regi
937 3544 995 3601 iam
1015 3548 1155 3617 ereptam,
1187 3546 1332 3606 Vahlenus
1352 3548 1382 3604 in

259 3641 364 3723 scholis
389 3645 469 3699 recte
499 3640 616 3698 monuit.
658 3640 746 3708 Idem,
778 3639 854 3711 quod
872 3640 1070 3717 Niebuhrio¹),
1102 3643 1164 3702 viro
1195 3643 1385 3703 admiratione

257 3743 357 3797 nostra
387 3737 565 3809 dignissimo,
596 3752 696 3795 versus
721 3737 874 3795 videbatur
898 3738 1052 3807 excidisse,
1086 3757 1141 3811 quo
1162 3739 1253 3813 Cypri
1276 3742 1383 3800 mentio

258 3834 337 3893 iacta
357 3838 430 3904 erat,
461 3834 516 3891 hoo
536 3834 562 3892 si
582 3850 638 3891 non
659 3837 778 3902 eertum,
811 3840 843 3892 at
863 3834 1012 3907 probabile
1033 3853 1096 3895 esse
1116 3836 1221 3905 docuit,
1243 3838 1384 3911 imprimis

259 3948 322 3989 cum
343 3931 486 4003 particula
507 3928 567 3988 ἐπεί
590 3929 658 4006 (90)
682 3947 739 3989 non
759 3947 878 4004 prorsus
897 3938 966 4005 apte
986 3933 1119 3993 videatur
1138 3934 1234 4007 posita
1252 3952 1323 3993 esse.

337 4027 393 4086 Sed
416 4026 555 4086 faciamus
585 4028 732 4100 paulisper
762 4028 899 4098 cumeis,
932 4029 980 4099 qui
1001 4045 1116 4088 carmen
1145 4030 1203 4102 ipsi
1226 4030 1385 4090 deficientis

258 4123 349 4197 Cypri
368 4125 493 4197 tempori
506 4123 679 4193 adscribunt,
701 4124 770 4196 quid
783 4124 897 4184 tandem
912 4124 1098 4198 proficimus⁶.>
1138 4126 1228 4201 Nihil,
1249 4128 1383 4199 quoniam

328 4276 348 4343 ¹)
368 4273 414 4329 Κλ
433 4273 496 4329 hist.
515 4290 543 4329 u.
559 4271 655 4343 philol.
675 4270 813 4329 Schriften
831 4274 843 4328 Ι
863 4276 924 4329 290.
943 4306 977 4313 -
