3217 4950
661 536 882 600 ...45-

204 730 272 798 apte
293 725 388 798 posita
409 729 490 788 sunt:
517 740 609 795 neque
630 725 721 797 igitur
735 727 852 798 aptiora
873 729 969 784 essent
983 726 1054 784 hacc
1074 723 1245 783 adacobsio
1266 740 1333 782 con·

202 822 290 879 lecta:
324 820 377 895 ἐγὼ
400 821 429 878 δὲ
449 820 523 879 θεῶν
544 821 626 898 ὑποφ.
666 822 748 895 Quae
773 839 860 880 causa
879 821 947 890 fuit,
981 839 1033 879 cur
1053 819 1215 879 Meinekius
1235 837 1334 891 quam·

203 918 247 975 vis
269 917 437 975 dubitanter
450 924 625 990 proponeret
645 917 698 992 ἐγὼ
721 917 750 974 δὲ
770 919 818 975 τεὺ
839 916 878 976 ὢν
899 916 980 994 ὑποφ.
1003 921 1034 974 et
1057 916 1190 975 similiter
1203 917 1335 976 Hillcms

202 1013 255 1087 ἐγὼ
277 1011 299 1070 δ’
323 1013 367 1077 ἑὸς
387 1012 425 1071 ὢν
447 1012 528 1091 ὑποφ.
560 1014 645 1072 Haec
666 1018 761 1071 eutem
782 1014 977 1084 requirebant,
1001 1012 1093 1083 ,quod
1107 1011 1247 1088 ὑποφήτης
1267 1013 1335 1070 boni

202 1112 357 1182 scriptores
379 1116 409 1169 et
434 1111 497 1182 ipse
519 1109 693 1169 Theocritus
718 1126 775 1168 non
806 1109 906 1168 dicunt
925 1109 982 1167 nisi
1008 1109 1105 1167 addito
1131 1109 1262 1182 genetivo
1287 1109 1334 1167 dei

201 1207 317 1277 desere,
341 1207 420 1266 cuius
443 1207 505 1279 quis
531 1207 674 1280 interpres
696 1211 757 1265 est“
781 1206 883 1281 (Mein.
904 1224 932 1278 p.
955 1205 1041 1282 492).
1083 1206 1203 1263 Attalo
1224 1205 1334 1276 aliquid

202 1304 294 1362 simile
320 1306 376 1363 hoc
402 1321 514 1376 quoque
539 1305 602 1362 loco
633 1303 771 1363 vocabulo
803 1301 945 1378 ὑποφήτης
969 1308 1004 1360 ut
1028 1302 1097 1359 addi
1121 1301 1250 1375 potuisse
1276 1318 1334 1361 non

201 1417 285 1473 nego.
306 1401 349 1458 ita
370 1401 439 1459 addi
460 1401 590 1460 debuisse
611 1417 666 1458 nou
688 1399 886 1458 indicaverim.
928 1399 1046 1457 Etenim
1067 1398 1143 1469 quod
1160 1398 1334 1457 Theocritus

203 1497 249 1564 16,
271 1497 309 1554 29
337 1497 454 1569 scripsit
479 1494 617 1554 Μουσάων
641 1529 676 1537 -
699 1495 786 1574 ἱεροὺς
813 1494 953 1572 ὑποφήτας
984 1500 1015 1554 et
1041 1496 1087 1568 17,
1113 1498 1168 1554 115
1195 1492 1332 1553 Μουσάων

206 1591 228 1650 δ’
244 1592 387 1670 ὑποφῆται,
410 1595 435 1651 si
449 1594 512 1664 quis
525 1595 604 1652 locos
618 1592 785 1664 inspexerit,
808 1593 914 1650 sentiet
927 1592 1033 1650 omissa
1047 1591 1195 1648 Musarum
1216 1593 1333 1651 notione

202 1706 259 1747 non
286 1706 440 1762 apparere,
474 1690 554 1748 cuius
579 1689 767 1762 intellegendi
792 1689 851 1746 sint
871 1688 1014 1765 ὑποφῆται.
1056 1688 1137 1759 Quod
1158 1690 1234 1747 idem
1254 1689 1333 1747 cadit

199 1787 230 1844 in
251 1787 323 1844 alios
343 1788 423 1846 locos
444 1785 496 1860 (cf.
517 1788 598 1844 Aret.
624 1787 689 1844 164.
712 1785 811 1857 Apoll.
834 1785 925 1842 Rhod.
952 1789 976 1856 l,
1002 1786 1087 1842 1311.
1130 1785 1273 1846 Fritzsch.
1295 1786 1333 1844 ad

200 1882 323 1943 Theocr.
349 1885 394 1953 16,
417 1883 477 1958 29).
519 1883 563 1941 At
582 1884 613 1941 in
633 1883 728 1941 verbis
750 1881 806 1939 εἰπὲ
827 1881 894 1954 θεά,
921 1882 952 1939 σὺ
973 1881 1023 1957 γὰρ
1045 1879 1137 1954 οἶσθα,
1164 1881 1219 1955 ἐγὼ
1241 1882 1271 1939 δὲ
1292 1913 1330 1922 -—

201 1978 342 2056 ὑποφήτης
362 1978 512 2056 φθέγξομαι
532 2014 570 2022 -
593 1979 673 2038 cuius
693 1981 881 2052 interpretem
901 1985 988 2053 pocta
1008 1995 1038 2037 se
1059 1979 1199 2045 nominet,
1224 1978 1332 2036 nemini

199 2081 295 2148 potest
327 2093 389 2135 esse
420 2078 579 2135 obscurum.
622 2077 715 2148 Quare
747 2093 799 2149 ego
824 2076 970 2134 Meinelrio
1000 2093 1057 2134 non
1087 2075 1209 2133 oboedio
1239 2090 1330 2145 neque

197 2172 391 2232 oboedivisset
404 2173 614 2244 Lachmannns,
637 2174 686 2245 qui
699 2173 758 2231 iam
778 2191 803 2230 a.
827 2174 904 2231 1816
926 2177 1115 2246 proposuerat
1136 2171 1189 2245 ἐγὼ
1204 2168 1226 2228 δ’
1241 2169 1329 2228 ἐπέων

198 2269 281 2347 ὑποφ.
324 2271 470 2346 (Propert.
492 2289 520 2344 p.
542 2273 581 2330 90
601 2273 665 2345 sq).
712 2270 779 2329 Hae
806 2271 990 2329 coniecturae
1011 2287 1109 2329 omnes
1133 2269 1201 2326 iude
1225 2272 1329 2326 enatae

198 2372 274 2435 sunt,
296 2367 372 2438 quod
386 2369 528 2440 putabant
546 2367 647 2444 ἑτέρων
669 2384 731 2425 esse
746 2366 908 2440 genetivum
922 2383 1006 2438 quem
1020 2367 1120 2425 dicunt
1130 2365 1328 2424 subiectivum.

195 2464 279 2523 Viam
321 2482 389 2524 vero
428 2464 572 2525 diversam
612 2465 754 2537 ingressus
791 2464 1025 2523 Hemsterhusius
1065 2464 1176 2536 primus
1212 2462 1328 2536 scripsit

198 2560 299 2637 ἑτέροις
325 2578 378 2633 pro
401 2562 502 2639 ἑτέρων
529 2563 611 2633 eique
631 2562 794 2621 Alrrensius
821 2562 952 2620 assensit.
993 2561 1056 2633 Ego
1087 2576 1198 2631 quoque
1230 2574 1328 2617 assen-

198 2660 280 2728 tirer,
302 2660 328 2716 si
342 2660 529 2719 mutationem
550 2662 624 2718 hanc
644 2678 701 2719 non
717 2660 841 2728 facilem,
862 2659 967 2732 quippe
988 2675 1045 2729 qua
1059 2657 1156 2714 mendi
1176 2656 1256 2728 origo
1270 2672 1327 2714 non

199 2756 368 2828 explicetur,
391 2758 583 2815 necessariam
597 2774 660 2815 essc
674 2757 743 2814 mihi
763 2756 974 2829 persuaderem.
1017 2754 1059 2813 Ut
1079 2754 1207 2812 breviter
1220 2754 1326 2812 dicam:

197 2851 327 2921 equidem
349 2868 414 2910 cum
431 2854 609 2925 -Kiesslingio
634 2858 703 2925 puto
729 2852 830 2930 ἑτέρων
851 2853 1021 2911 vocabulum
1046 2867 1104 2909 non
1128 2850 1327 2922 temptandum

195 2964 256 3006 esse
286 2954 316 3007 et
342 2951 508 3021 genetivum
540 2950 763 3022 intellegendum
789 2967 851 3009 esse
877 2950 1060 3007 obiectivum:
1095 2948 1141 3006 dic
1164 2947 1262 3016 Musa,
1294 2950 1326 3003 tu

195 3046 269 3102 enim
291 3046 362 3111 scis,
395 3062 448 3119 ego
470 3062 539 3105 vero
561 3047 703 3118 interpres
722 3046 787 3104 aliis
808 3047 982 3104 constitutus
1003 3047 1126 3103 cantabo
1149 3049 1219 3111 etc,
1241 3060 1326 3115 quam

199 3142 318 3200 candem
340 3144 511 3201 sententiam
533 3142 726 3202 Callimachus
747 3144 903 3215 expressit:
937 3142 995 3200 εἰπὲ
1015 3141 1081 3212 θεά,
1108 3141 1139 3199 αὑ
1161 3140 1210 3216 μὲν
1231 3137 1324 3215 ἄμμιν,

196 3236 250 3311 ἐγὼ
266 3236 288 3295 δ’
304 3238 430 3316 ἑτέροιαιν
445 3238 534 3297 ἀείσω.
572 3238 661 3298 Vides
683 3257 746 3299 mea
760 3241 1000 3313 interpretatione
1013 3241 1108 3298 locum
1121 3238 1325 3295 Theocriteum

196 3333 373 3393 Callimacho
395 3336 482 3393 etiam
503 3337 671 3395 similiorem
691 3337 769 3401 fieri;
803 3343 834 3395 at
854 3337 979 3395 imitatio
1004 3337 1123 3393 alterius
1147 3352 1205 3393 non
1236 3350 1324 3406 agno·

193 3430 299 3489 scentia
320 3437 365 3489 cst
377 3432 407 3489 in
422 3432 468 3490 his
481 3434 631 3491 sententiis
645 3450 702 3491 non
722 3433 882 3502 inusitatis3
904 3432 1048 3490 Pindarus
1067 3431 1182 3503 quidem
1197 3430 1322 3487 dixerat:

195 3526 326 3602 μαντεύεο
349 3524 450 3601 Μοῖσα,
483 3528 661 3606 προφατεὺσω
684 3527 705 3586 δ’
732 3528 786 3603 ἐγώ
819 3528 885 3602 (frg.
914 3530 970 3586 118
992 3526 1145 3600 Boeckh.);
1176 3524 1211 3583 cf.
1238 3526 1321 3583 Hom·

177 3612 216 3681 ’Β
239 3626 297 3683 css
319 3641 392 3696 socc
414 3623 511 3697 Apou.
534 3626 626 3683 suec.
650 3628 677 3696 4,
703 3626 778 3684 1379
800 3642 859 3697 sqq.

271 3721 401 3793 Uterque
422 3723 514 3793 igitur
534 3729 623 3795 poeta
649 3723 769 3781 eandem
796 3722 831 3780 de
852 3722 944 3779 Musis
970 3721 1141 3779 sententiam
1169 3720 1322 3792 expressim

192 3821 258 3873 sunt
279 3816 353 3887 ulis,
385 3833 460 3888 quae
480 3820 556 3877 alter
577 3820 736 3877 communia
761 3819 851 3877 habet
871 3836 935 3876 cum
956 3818 1062 3888 altero;
1095 3819 1175 3875 velut
1195 3817 1265 3875 illud
1287 3816 1321 3874 de

191 3911 413 3984 Megarensibus
439 3915 499 3972 sive
521 3916 712 3987 Aegiensibus
735 3916 784 3991 (ci.
806 3916 885 3975 Suid.
907 3931 931 3973 s.
952 3934 978 3974 v.
1000 3914 1076 3990 ὑμεῖς
1099 3913 1122 3972 ὦ
1144 3912 1228 3989 Μεγ.)
1253 3931 1322 3986 pro·

191 4008 334 4079 verbium,
362 4010 464 4081 quibus
485 4014 687 4082 quaerentibus
708 4012 817 4084 Pythia
842 4013 1030 4083 responderat
1054 4029 1116 4071 csse
1142 4027 1191 4069 ecs
1216 4007 1270 4068 οὔτ’
1292 4009 1321 4066 ἐν

192 4103 264 4180 λόγῳ
290 4102 346 4163 οὔτ’
375 4106 403 4163 ἐν
435 4106 553 4184 ἀριθμῷ.
594 4110 689 4179 Atque
715 4108 908 4166 Callimachus
939 4108 1022 4167 dicit:
1054 4112 1103 4185 τῆς
1134 4107 1164 4165 δὲ
1193 4106 1321 4184 ταλαίνης

192 4200 298 4278 νύμφης
318 4202 357 4265 ὥς
380 4199 530 4280 Μεγαρέων
552 4202 582 4261 οὐ
605 4203 683 4278 λόγος
706 4201 760 4261 οὔτ’
782 4202 898 4280 ἀριθμός
918 4204 984 4279 (Ep.
1007 4204 1087 4277 ihc
1109 4204 1181 4279 sq.);
1202 4204 1321 4264 liberius
