3217 4950
684 501 903 563 ...42-

222 692 341 760 seimus,
366 707 422 762 quo
443 708 517 749 anno
537 697 626 763 poeta
646 697 730 749 00100
752 691 802 760 011,
834 695 932 747 utrum
955 705 981 747 a.
1004 691 1063 748 310
1084 705 1121 746 00
1143 691 1202 748 305
1224 691 1358 761 003110;

222 788 347 846 medium
368 789 392 846 si
413 788 544 860 ponimus
565 805 628 847 cum
651 788 762 847 Gouato
784 786 827 862 (p.
850 787 918 862 45),
946 802 972 845 a.
995 787 1054 844 280
1075 802 1165 845 annos
1184 792 1272 845 natus
1292 791 1357 845 erat

222 885 285 943 fere
304 884 554 957 vigintiquinque.
598 885 664 944 Hac
685 892 782 943 antem
796 890 894 942 aetate
909 883 977 954 quin
992 884 1067 942 hunc
1080 884 1217 956 hymnum
1230 900 1357 957 pangere

222 982 359 1054 potnerit,
382 982 514 1052 equidem
528 983 599 1040 nihil
614 982 722 1040 dubito.
765 981 950 1053 Intellegitur
964 981 1040 1038 enim
1061 998 1077 1038 0
1091 982 1217 1038 maximo
1237 997 1355 1039 numero

221 1079 362 1137 librorum
377 1079 637 1138 diversissimorum
648 1078 865 1149 Callimachum,
883 1078 1022 1149 quidquid
1036 1078 1072 1136 de
1088 1083 1153 1135 arte
1167 1079 1229 1136 eius
1242 1077 1358 1149 poetica

222 1177 379 1246 iudicatur,
412 1177 506 1234 virum
537 1183 616 1235 certe
646 1176 758 1248 ingenti
789 1175 901 1246 ingenii
931 1176 962 1233 vi
993 1180 1023 1232 et
1054 1174 1149 1232 indole
1181 1174 1353 1246 praeditum,

223 1277 337 1330 mature
359 1273 488 1330 adultum
503 1279 534 1331 et
554 1279 651 1331 001010
672 1273 791 1330 iuvenili
805 1288 915 1330 summa
929 1272 1063 1329 doctrina
1076 1271 1231 1342 multisque
1253 1271 1357 1328 mentis

223 1369 412 1428 facultatibus
433 1371 603 1428 instructum
618 1368 714 1426 fuisse.
756 1369 859 1440 Neque
881 1385 952 1440 opus
972 1372 1018 1426 001
1037 1367 1176 1425 arbitrari
1197 1384 1270 1438 eum,
1293 1384 1357 1424 cnm

224 1467 360 1540 hymnum
396 1471 593 1538 componeret,
629 1466 777 1525 habitasse
812 1467 870 1523 iam
905 1465 1111 1523 Alexandriae:
1147 1481 1214 1522 nam
1244 1464 1358 1522 etiamsi

223 1563 360 1621 Eleusine
380 1580 470 1635 prope
491 1565 591 1621 urbem
612 1563 643 1620 in
662 1563 761 1621 schola
781 1579 902 1621 munere
922 1579 973 1620 sno
989 1563 1171 1634 fungebatur,
1191 1560 1278 1619 facile
1298 1577 1358 1618 mo-

223 1659 285 1717 veri
306 1664 434 1731 poterat,
461 1665 495 1716 ut
516 1676 630 1717 carmen
652 1659 682 1716 10
701 1659 801 1717 Iovem
823 1658 965 1717 scriberet
992 1659 1075 1728 01000
1096 1657 1198 1715 laudes
1217 1658 1292 1730 regis
1312 1657 1356 1715 10·

224 1760 343 1814 sereret.
384 1754 467 1814 Mera
486 1757 563 1814 enim
584 1756 705 1814 libidine
727 1757 845 1829 ponitur
865 1763 983 1828 poetam
1003 1755 1108 1828 hymno
1130 1755 1239 1826 0001010
1259 1753 1358 1812 Phila·

226 1853 323 1923 delphi
346 1851 491 1919 ,favorem
513 1853 567 1910 sibi
587 1854 791 1924 acquisivisse“
817 1852 938 1926 (Hemp.
960 1868 990 1924 p.
1012 1850 1064 1925 88)
1090 1855 1142 1908 aut
1162 1851 1356 1923 composuisse

225 1964 290 2006 eum
318 1964 409 2020 ,0000
434 1965 471 2005 un
499 1965 637 2008 concours
664 1951 817 2022 000110001
846 1948 961 2023 (00001.
984 1965 1011 2020 p.
1034 1949 1124 2022 207);
1157 1964 1229 2018 0000
1260 1947 1356 2006 00010

224 2046 298 2103 unde
318 2046 424 2104 hausta
444 2047 510 2113 0101,
536 2064 590 2118 ego
612 2047 722 2118 ignoro.

304 2143 401 2212 Quare
423 2159 479 2200 non
500 2143 603 2212 timeo,
631 2160 666 2200 00
687 2144 791 2200 010100
813 2142 953 2200 audaciae
974 2156 1118 2212 coarguas
1138 2156 1209 2199 neve
1230 2141 1355 2199 nimisa

224 2240 348 2297 veritate
370 2240 514 2311 aberrem,
547 2256 612 2296 cum
639 2256 714 2312 pono
735 2240 871 2311 hymnum
897 2240 926 2296 10
947 2239 1044 2297 lovem
1064 2239 1203 2310 scriptum
1228 2253 1291 2296 esse
1313 2254 1355 2295 ca.

225 2353 251 2392 a.
275 2337 343 2394 280.
386 2337 501 2396 0001100
522 2355 579 2396 000
600 2337 815 2398 affirmaverim.
1138 2393 1142 2402 ,

304 2432 412 2507 Quodsi
439 2435 502 2507 quis
522 2435 590 2506 crit,
624 2436 673 2507 qui
699 2451 798 2494 versus
819 2435 860 2511 τῷ
879 2456 921 2493 τοι
941 2433 986 2494 καὶ
1006 2432 1104 2508 γνωτοὶ
1124 2435 1183 2491 κτλ.
1203 2430 1356 2491 Philadel-

225 2531 313 2603 phum
335 2536 469 2603 spectare
494 2538 594 2605 neget,
627 2533 699 2591 nihil
724 2537 818 2591 restat
838 2532 1000 2605 argumenti
1025 2532 1063 2589 ad
1083 2531 1220 2589 carminis
1244 2533 1357 2600 tempos

226 2628 380 2686 emendum
401 2630 456 2687 nisi
476 2646 577 2687 versus
597 2629 622 2687 oi
643 2629 727 2688 δὲτὰ
748 2629 797 2704 μὲν
819 2633 889 2699 κτλ,
912 2629 1015 2699 quibus
1028 2645 1080 2702 per
1101 2644 1131 2687 00
1152 2627 1230 2695 00110,
1252 2625 1355 2683 utiam

226 2724 295 2794 dixi,
317 2725 390 2782 nihil
411 2726 566 2792 evincitur,
589 2727 657 2797 quia
676 2728 834 2799 nescimus,
860 2730 958 2784 01000
978 2727 1014 2784 de
1035 2725 1175 2783 fratribus
1195 2721 1356 2782 interfectis

226 2837 264 2878 an
285 2821 320 2880 de
342 2822 427 2880 bellis
448 2840 586 2895 prospere
608 2824 698 2894 gestis
719 2824 798 2881 dicta
818 2824 883 2881 sint.
907 2856 945 2865 -

305 2919 423 2990 Restat,
444 2925 478 2977 ut
497 2920 528 2976 in
548 2926 663 2992 tempus
683 2921 783 2993 hymni
807 2921 929 2978 alterius
949 2920 1139 2991 inquiramus.
1181 2918 1215 2975 In
1236 2932 1271 2974 eo
1291 2915 1358 2973 inde

226 3030 243 3071 a
267 3031 308 3071 vs.
334 3015 388 3072 111
417 3015 527 3087 Αο0110
555 3017 593 3073 ἔτι
619 3015 784 3080 bromium<
813 3017 878 3092 (86)
910 3016 1088 3075 vaticinatur
1118 3014 1176 3073 sibi
1205 3011 1358 3083 aliquando

227 3110 303 3175 ξυνὸν
330 3108 430 3169 ἄεθλον
457 3127 520 3169 cum
540 3111 708 3171 Ptolemaeo
736 3113 863 3171 futurum
889 3131 965 3182 esse,
997 3130 1061 3170 cum
1082 3111 1231 3170 Celtarum
1258 3109 1359 3181 copiae

226 3206 449 3265 innumerabiles
470 3206 625 3265 Graeciam
650 3208 789 3267 invadent
809 3214 897 3281 atque
923 3225 1012 3279 nsque
1038 3208 1076 3266 ad
1095 3208 1226 3281 Delphos
1251 3206 1360 3279 clipeos

227 3301 320 3361 ferent
342 3302 490 3378 (ἀσπίδας),
512 3302 582 3361 τέων
604 3303 700 3379 οἱμὲν
722 3303 784 3379 ἐμοὶ
797 3304 878 3382 γέρας
899 3305 926 3362 αἱ
946 3303 969 3362 δ’
990 3304 1034 3361 ἐπὶ
1047 3302 1141 3379 Νείλῳ
1162 3304 1191 3361 ἐν
1211 3302 1275 3380 πυρὶ
1294 3302 1358 3365 τοὺς

227 3398 374 3476 φορέοντας
395 3397 614 3464 ἀποπνεύσαντας
635 3400 737 3460 ἰδοῦσαι
758 3400 905 3473 κείσονται,
932 3404 1059 3479 βασιλῆος
1079 3400 1175 3459 ἀέθλια
1194 3399 1284 3459 πολλὰ
1304 3422 1358 3459 κα-

229 3494 327 3567 μόντος
348 3494 489 3571 ἑσσάμενοι
516 3496 589 3571 (185
611 3498 693 3573 000).
737 3500 870 3571 Apparet
895 3516 1012 3557 carmen
1031 3500 1170 3570 scriptum
1201 3515 1263 3557 esse
1294 3501 1361 3569 post

227 3609 351 3665 pugnam
377 3594 564 3666 Delphicam,
596 3610 654 3665 qua
679 3594 780 3653 Celtae
812 3597 1013 3668 gravissimam
1045 3596 1155 3655 cladem
1186 3597 1361 3666 acceperunt

109 3746 112 3751 .
229 3689 363 3762 Apolline
384 3690 448 3761 ipso
469 3697 502 3748 ut
523 3690 699 3749 Graecomm
724 3692 804 3751 fama
824 3694 940 3751 ferebat
965 3699 1084 3751 auctore
1105 3697 1135 3750 et
1155 3692 1289 3751 adiutore
1309 3688 1359 3766 (cf.

230 3786 646 3864 00001100350000
687 3790 771 3847 Hanc
791 3791 943 3849 victoriam
962 3791 1129 3863 Droysenns
1149 3786 1361 3847 0101011101000
1409 3838 1415 3847 .

229 3887 296 3938 0010
322 3897 447 3940 mensem
467 3884 572 3941 Iulium
599 3885 667 3942 anni
689 3887 747 3943 278
775 3886 816 3961 (p.
839 3887 895 3945 351
919 3886 983 3944 adn.
1006 3887 1047 3960 2).
1089 3884 1238 3956 Quomodo
1263 3889 1361 3941 autem

228 3978 318 4035 verba
339 3976 366 4033 αἱ
387 3975 409 4034 δ’
435 3977 479 4035 ἐπὶ
499 3976 593 4056 Νείλῳ
615 3984 673 4038 κτλ.
696 3982 891 4055 intellegenda
917 3983 988 4053 sint,
1020 3983 1105 4041 docet
1135 3981 1293 4041 scholiasta
1323 3979 1360 4038 ad

229 4090 269 4132 vs.
294 4074 349 4131 175
375 4074 447 4132 haec
474 4076 628 4135 adnotans:
652 4120 658 4135 .
682 4122 688 4134 .
713 4124 720 4139 .
744 4124 749 4135 .
788 4076 943 4153 Ἀντίγονός
961 4100 1001 4142 τις
1021 4078 1097 4155 φίλος
1116 4080 1165 4135 τοῦ
1187 4076 1359 4153 Φιλαδέλφου

230 4167 402 4244 Πτολεμαίου
427 4170 553 4248 προξενεῖ
570 4172 667 4237 αὐτοὺς
693 4174 757 4249 (scl.
778 4173 892 4250 Celtas)
913 4174 988 4252 αὐτῷ
1008 4175 1078 4233 ὥστε
1100 4173 1144 4232 ἐπὶ
1169 4173 1260 4251 μισθῷ
1277 4194 1361 4250 ατρα-
