3217 4950
702 555 918 618 „25-

247 748 264 804 2
286 746 462 818 expressisse
475 744 589 802 initium
609 744 708 816 hymni
723 742 935 803 Callimacheii
970 743 1142 802 Theocritus
1157 743 1260 802 deinde
1279 742 1379 815 pergit

249 841 370 916 (5-8):
392 846 425 899 ut
445 841 550 914 priscis
570 842 705 900 heroibus
725 847 876 915 poctarum
895 841 997 900 laudes
1016 841 1236 915 contigerunt),
1261 841 1304 897 ita
1324 855 1377 911 ego

247 953 321 996 nunc
346 936 546 997 Ptolemaeum
571 940 677 1012 hymno
710 940 872 998 celebrabo.
913 939 1013 1010 Atque
1043 937 1190 996 blanditus
1220 938 1285 1008 regi
1315 940 1379 1010 post

246 1035 366 1094 verbum
396 1034 540 1112 ὑμνήσαιμ’
572 1037 665 1094 addit:
699 1035 778 1112 δμνοι
803 1037 834 1094 δὲ
858 1035 905 1095 καὶ
930 1034 1076 1093 ἀθανάτων
1101 1033 1183 1112 γέρας
1210 1033 1300 1092 αὐτῶν
1326 1033 1376 1108 (ci.

247 1133 295 1199 22,
317 1132 397 1208 223).
444 1133 502 1191 His
533 1133 626 1206 igitur
656 1133 786 1191 versibus
817 1139 1015 1206 argumentum
1047 1132 1182 1190 carminis
1207 1130 1378 1190 Theocritus

246 1229 376 1301 exponit:
409 1246 440 1287 sc
465 1246 542 1287 nunc
566 1228 758 1303 Philadelpho
784 1231 920 1304 hymnum
947 1228 1055 1288 dicare.
1095 1227 1169 1286 Post
1198 1227 1253 1285 hos
1283 1230 1379 1284 autem

246 1341 355 1397 versus,
372 1326 475 1396 quibus
489 1342 526 1384 ne
540 1327 636 1400 potuit
650 1326 763 1397 quidem
777 1326 949 1384 Callimachi
963 1327 1110 1398 exemplar
1123 1324 1242 1391 imitari,
1257 1323 1379 1381 alterum

247 1422 330 1492 quasi
350 1406 742 1494 blandimentum'promcns
768 1439 833 1481 oum
853 1423 986 1495 plurimis
1006 1422 1091 1481 robus
1111 1438 1210 1495 regem
1229 1419 1379 1480 florentem

246 1518 294 1574 dei
314 1517 446 1589 iecerint,
468 1519 580 1577 nescire
599 1535 629 1576 se
644 1519 762 1590 fatetur,
784 1519 860 1576 unde
873 1521 988 1578 initium
1002 1521 1099 1592 capiat
1113 1517 1255 1577 canmudi.
1288 1516 1378 1586 Quam

246 1614 361 1672 tertiam
381 1615 554 1686 particulam
574 1617 679 1674 iterum
700 1617 895 1689 comparando
917 1618 1059 1690 expressit
1080 1614 1217 1689 (9-12):

399 1725 474 1786 Ἴδαν
497 1728 525 1793 ἐς
545 1728 727 1808 πολύδενδρον
750 1729 818 1808 ἀνὴρ
838 1730 975 1806 ὑλατόμος
995 1729 1086 1789 ἐλδὼν

406 1825 557 1897 παπταίνει,
578 1827 727 1903 παρεόντος
748 1825 825 1903 ἄδην,
847 1826 933 1885 πόθεν
955 1825 1062 1905 ἄρξεται
1083 1827 1170 1903 ἔργου.

405 1921 432 1979 τί
450 1926 558 2001 πρῶτον
579 1921 733 1992 καταλέξω
756 1923 815 1982 ἐπεὶ
835 1922 909 1999 πάρα
930 1923 1013 2001 μυριά
1035 1923 1126 1993 εἰπεῖν,

406 2017 455 2076 οἷσι
476 2018 537 2077 θεοὶ
557 2019 603 2078 τδν
625 2018 731 2097 ἄριστον
753 2019 883 2097 ἐτίμησαν
904 2020 1049 2097 βασιλήων,

245 2129 317 2188 Cum
338 2131 394 2190 hac
407 2139 510 2205 poetae
531 2132 629 2212 ἀπορίη
643 2151 710 2193 num
731 2142 799 2208 apta
813 2136 983 2194 imitationis
1004 2151 1091 2193 causa
1105 2131 1274 2192 Callimachi
1288 2132 1379 2190 verba

246 2227 435 2286 conferuntur
454 2231 538 2288 haec:
562 2231 590 2288 ἐν
612 2234 673 2310 δοιῇ
694 2231 770 2307 μάλα
790 2231 888 2308 θυμός,
911 2231 969 2291 ἐπεὶ
992 2230 1069 2306 γένος
1091 2226 1277 2308 apprimo-ros?
1308 2227 1378 2285 Pro·

246 2327 323 2382 lecto
345 2326 420 2397 quod
445 2343 480 2384 ex
506 2327 562 2385 hoc
585 2344 670 2386 versu
695 2329 866 2387 Theocritus
897 2334 958 2386 tam
989 2329 1102 2402 poetica
1135 2326 1378 2400 comparationem

248 2438 328 2479 suam
350 2423 524 2497 enucleavit,
558 2425 742 2484 admirandus
763 2430 820 2497 est,
851 2426 1024 2500 praesertim
1050 2441 1114 2485 cum
1134 2421 1308 2483 Callimachi
1329 2420 1379 2478 du·

246 2520 350 2577 bitatio
371 2537 490 2593 prorsus
512 2522 626 2580 diversa
646 2523 698 2591 sit;
730 2539 823 2595 nequa
849 2523 925 2581 enim
944 2523 970 2580 is
996 2522 1123 2594 dubitat,
1155 2520 1231 2578 unde
1256 2519 1378 2591 incipiat

246 2616 330 2674 deum
351 2632 465 2687 cancre,
487 2619 538 2677 sed
551 2619 653 2677 haeret
672 2621 702 2678 in
716 2621 794 2679 Iovis
811 2635 929 2692 genere,
950 2620 1026 2691 quod
1040 2624 1086 2677 est
1099 2617 1275 2695 ἀμφήριστον,
1297 2614 1378 2687 quasi

247 2712 458 2773 diiudicatums
472 2721 619 2774 certamen
641 2717 784 2788 quoddam
805 2722 937 2790 spectans
952 2716 989 2775 ad
1002 2717 1127 2775 litteras.
1168 2714 1266 2787 Prope
1286 2711 1379 2783 magis

246 2810 336 2867 etiam
361 2810 484 2870 ridicule
505 2812 678 2872 Theocritus
705 2814 811 2873 dicitur
835 2814 1012 2885 lignatorem
1043 2813 1154 2871 misisse
1173 2809 1249 2869 Ἴδαν
1274 2809 1303 2873 ἐς
1326 2830 1381 2865 πο-

247 2904 392 2984 λύδενδρον
413 2909 450 2966 ob
474 2909 504 2966 id
525 2910 630 2979 solum,
661 2911 736 2982 qnod
758 2909 953 2969 Callimachus
979 2910 1014 2967 dc
1035 2908 1171 2968 Cratibus
1195 2907 1380 2966 mendacibus

246 3003 327 3061 dicit:
361 3002 428 3077 Zet,
455 3004 484 3062 σὲ
511 3005 561 3081 μὲν
587 3004 718 3064 Ἰδαίοισιν
745 3004 773 3063 ἐν
805 3004 895 3083 οὔρεσι
920 3005 984 3083 φασὶ
1007 3005 1132 3079 γενέσθαι
1153 3004 1217 3081 (6);
1249 3019 1380 3062 nonnae

246 3106 348 3173 poetae
370 3102 508 3161 homerici
528 3104 623 3161 verbis
637 3100 713 3179 Ἴδης
734 3101 868 3180 ὑληέσσης
889 3102 928 3180 (Φ
949 3103 1022 3178 449)
1044 3103 1118 3162 disci
1137 3107 1269 3176 poterat,
1294 3116 1379 3172 quam

246 3204 314 3271 apte
335 3198 508 3259 Theocritus
529 3202 704 3272 cogitaverit
725 3202 760 3259 de
782 3202 835 3260 Ida
855 3206 953 3261 monte
973 3219 1031 3260 non
1044 3199 1179 3259 Cretensi
1199 3198 1249 3257 scd
1264 3198 1378 3268 Troico,

245 3297 276 3352 in
297 3312 352 3367 quo
372 3294 601 3368 Agamemnonis
625 3298 704 3356 iussu
729 3299 792 3375 δρῦς
823 3297 975 3375 ὑψικόμους
999 3296 1129 3373 ταναήκεϊ
1153 3296 1253 3374 χαλκῷ
1276 3291 1379 3369 τάμνον

247 3390 292 3466 (Ψ
315 3394 371 3451 118
392 3411 448 3465 sq.;
471 3394 508 3453 cf.
530 3394 619 3453 etiam
640 3392 662 3451 Ξ
684 3394 751 3453 187.
775 3393 800 3451 Φ
823 3394 917 3470 559)⁶.>

326 3491 386 3547 Iam
418 3492 508 3549 rerba
531 3507 605 3563 quae
631 3498 790 3563 sequuntur
811 3492 843 3553 ἐκ
864 3492 989 3570 πατέρων
1010 3490 1066 3556 οἶος
1092 3490 1142 3566 μὲν
1163 3491 1210 3565 ἔην
1232 3487 1297 3564 (13)
1322 3501 1379 3545 uno

248 3592 349 3645 tenore
371 3588 523 3646 coniuncta
549 3588 719 3648 difficillima
749 3590 878 3649 suntad
902 3589 1136 3661 intellegendum.
1178 3586 1280 3657 Neque
1305 3584 1381 3642 euim

247 3683 336 3741 verba
357 3682 389 3742 ἐκ
410 3683 549 3762 πατέρων,
576 3691 610 3743 ut
630 3692 735 3758 argute
756 3687 903 3745 Vahlenus
924 3687 1027 3754 sensit,
1049 3685 1150 3744 autri
1170 3683 1325 3757 temporali
1345 3680 1380 3739 de

246 3778 378 3851 lagida,
410 3785 443 3838 ut
468 3781 632 3853 significent
666 3782 789 3852 „iudea
815 3784 992 3857 temporibus
1012 3782 1187 3848 maiorum“‚
1220 3784 1272 3837 aut
1296 3793 1380 3837 sensu

320 3962 345 4033 ¹)
365 3961 426 4019 Vsa.
446 3964 462 4017 5
482 3979 523 4034 sq.
536 3962 642 4036 (ἥρωες,
661 3956 702 4018 τοὶ
713 3962 825 4032 πρόσθεν
840 3962 884 4036 ἀρ’
902 3963 1018 4038 ἡμιθέων
1038 3964 1159 4034 ἐηὲνοντο,
1178 3958 1298 4041 ῥέξαντες
1315 3957 1382 4011 καλὰ

249 4049 309 4123 ἔργα
329 4092 336 4107 .
356 4092 362 4107 .
383 4054 401 4119 .)
420 4052 577 4121 comparari
594 4054 714 4123 possunt
726 4069 788 4108 cum
801 4051 914 4108 Hesiod.
934 4051 966 4109 Ο.
980 4052 1014 4108 Ι).
1030 4054 1080 4108 158
1099 4068 1151 4122 ιο,
1169 4066 1224 4122 quo
1242 4049 1304 4105 loco
1315 4046 1381 4103 inde

229 4154 264 4220 a
287 4154 327 4197 vs.
349 4142 396 4194 161
427 4138 544 4213 ἡμιθέων
571 4142 636 4194 καλὰ
664 4140 724 4215 ἔργα
753 4144 933 4208 enarrantur3
961 4139 995 4196 cf.
1015 4140 1099 4195 etiarn
1122 4139 1216 4209 hymn.
1240 4137 1314 4193 hom.
1336 4138 1380 4196 31,

249 4228 282 4281 18
301 4242 342 4298 sq.
361 4229 405 4299 32,
426 4230 458 4283 18
477 4245 539 4299 sqq.
557 4257 591 4269 -
