3217 4950
709 516 927 579 ...48-

256 713 341 774 esset,
363 723 454 778 neque
474 723 538 765 cum
552 708 666 765 Aurora
687 706 724 766 ad
745 707 856 765 caelum
870 707 1041 765 ascenderet
1060 723 1153 778 neque
1173 725 1306 782 vespere:
1328 704 1387 765 οὔθ’

256 803 331 864 ὁπὸκ’
353 803 493 881 ὀρτάλιχοι
513 803 618 880 μινυροὶ
637 803 698 861 ποτὶ
717 805 808 862 κοῖτον
829 803 916 882 ὁρῷεν
935 802 1094 877 σεισαμένας
1114 804 1201 882 πτερὰ
1221 804 1324 881 ματρὸς
1344 801 1389 861 ἐπ’

256 900 409 959 αἰθαλόεντι
428 900 552 979 πετεύρῳ
573 904 625 977 (12
645 904 712 976 sq.).
754 903 869 961 Deinde
896 902 1090 960 Callimachus
1120 904 1156 960 ab
1182 901 1316 973 Apolline
1346 901 1389 959 sio

256 997 328 1057 lecit
348 1004 512 1070 serpentem
527 999 682 1073 Pythicum
695 1001 910 1072 interemptum:
931 998 979 1056 τὸν
1001 997 1050 1073 μὲν
1072 998 1104 1056 σὺ
1123 997 1282 1074 κατήναρες,
1305 994 1387 1055 ἄλλον

258 1093 302 1152 ἐπ’
323 1092 399 1171 ἄλλῳ
421 1094 529 1171 βάλλων
551 1096 625 1155 ὠκὺν
646 1095 733 1154 ὀϊστόν
753 1096 794 1171 (9,
812 1098 863 1154 101
889 1096 954 1170 sq.).
996 1096 1038 1154 Ut
1059 1096 1106 1153 hio
1127 1095 1200 1158 αἰνὸς
1220 1093 1280 1171 ὄφις
1299 1095 1388 1152 inter-

256 1189 365 1263 ficitur,
397 1193 440 1250 ita
467 1192 602 1251 similiter
622 1194 697 1265 apud
718 1193 906 1251 Theocritum
932 1192 968 1250 ab
989 1192 1115 1250 Hercule
1136 1192 1254 1263 sagittis
1278 1191 1389 1262 petitur

257 1291 296 1352 λῖς
317 1287 388 1351 αἰνός
408 1290 470 1361 (25,
486 1290 567 1361 227).
609 1288 740 1360 Uterque
754 1291 854 1362 igitur,
876 1296 906 1347 et
918 1287 1026 1360 Apollo
1052 1292 1081 1346 et
1100 1288 1249 1357 Hercules,
1269 1287 1390 1359 fingitur

257 1386 379 1458 sagittas
398 1387 486 1442 semel
507 1386 572 1457 plus
592 1386 621 1442 in
641 1392 799 1444 monstrum
812 1385 935 1450 misisse.
957 1385 1013 1442 etsi
1033 1385 1110 1456 apud
1124 1383 1311 1443 Theocritum
1332 1398 1388 1440 non

258 1481 358 1552 paucis
389 1482 486 1540 verbis
511 1482 561 1540 sed
583 1483 800 1541 accuratissima
826 1482 1004 1552 singulorum
1031 1481 1225 1553 descriptione
1245 1480 1388 1539 Hercules

256 1593 317 1634 rem
332 1593 350 1633 a
364 1594 395 1636 se
415 1583 527 1650 gestam
549 1584 679 1646 enarrat;
701 1583 855 1651 praeterea
868 1580 923 1636 hoc
936 1578 1111 1636 discriminis
1125 1578 1288 1646 intercedit,
1310 1576 1386 1648 quod

257 1674 396 1732 Hercules
417 1675 530 1733 beluam
551 1691 608 1733 non
629 1681 662 1732 ut
675 1674 782 1747 Apollo
803 1675 873 1732 solis
887 1675 1000 1747 sagittis
1014 1674 1128 1742 occidit,
1149 1674 1200 1732 sed
1220 1675 1266 1731 his
1279 1673 1390 1731 frustra

257 1787 375 1844 operam
396 1772 513 1830 molitus
539 1773 621 1830 clava
642 1771 755 1830 demum
782 1774 992 1830 exanimantem
1013 1770 1115 1829 efficit.
1156 1769 1253 1844 Quare
1278 1771 1390 1841 siquis

257 1868 288 1924 in
313 1868 359 1924 his
384 1868 455 1926 locis
481 1869 605 1925 alterum
624 1873 741 1940 poetam
762 1869 799 1926 ab
826 1869 918 1926 altero
940 1868 1066 1941 pendere
1087 1868 1246 1941 putaverit,
1278 1867 1387 1926 maiore

257 1964 319 2020 iure
335 1963 526 2023 Callimachus
547 1965 676 2023 imitator
696 1970 853 2034 statuetur3
882 1981 1053 2036 quamquam
1074 1981 1110 2022 ne
1130 1965 1161 2021 id
1180 1964 1297 2034 quidem
1317 1980 1388 2037 opus

262 2065 314 2130 cst,
336 2062 469 2130 quoniam
490 2062 527 2119 ab
549 2063 611 2120 eius
632 2063 746 2134 ingenio
766 2063 841 2120 mira
854 2063 928 2120 haec
948 2062 983 2120 de
1004 2061 1058 2120 deo
1078 2061 1237 2119 immortali
1257 2062 1388 2120 narratio

257 2171 315 2212 non
345 2156 495 2224 abhorret3
529 2157 686 2230 simplicius
717 2159 792 2215 enim
824 2163 855 2216 et
885 2158 932 2217 dei
955 2163 1084 2215 naturae
1104 2158 1199 2230 aptius
1225 2157 1256 2214 in
1281 2158 1386 2230 hymno

257 2254 332 2309 hom.
355 2268 411 2309 uno
432 2254 492 2310 ictu
514 2253 601 2311 draco
622 2259 742 2312 necatur
763 2252 881 2328 (2,179
903 2253 967 2325 sq.).

338 2348 396 2407 Sed
417 2366 596 2422 quaeramus,
618 2366 686 2407 num
706 2350 783 2408 forte
804 2351 865 2408 alia
887 2355 1002 2408 exstent
1022 2350 1147 2422 vestigia
1168 2350 1387 2408 necessitudinis

257 2445 334 2504 inter
364 2450 518 2517 utrumque
549 2453 665 2520 poetam
695 2447 911 2506 intercedentis.
963 2449 1059 2518 htque
1090 2445 1286 2506 Callimachus
1322 2463 1386 2506 cnm

257 2544 346 2615 epigr.
361 2543 400 2601 46
421 2544 537 2602 scribit:
560 2544 598 2606 ὥς
620 2542 723 2618 ἀγαθὰν
744 2542 912 2620 Πολύφαμος
932 2542 1060 2621 ἀνεύρετο
1080 2543 1129 2601 τὰν
1149 2543 1276 2602 ἐπαοιδὰν
1296 2544 1390 2621 τώρα-

257 2639 345 2715 μένῳ·
368 2638 410 2697 ναὶ
430 2643 478 2714 γᾶν
500 2638 550 2698 οὐκ
564 2638 675 2715 ἀμαθὴς
696 2639 710 2697 ὁ
733 2638 866 2717 Κύκλωψ.
894 2640 921 2699 αἱ
935 2638 1034 2698 Μοῖσαι
1053 2640 1100 2698 τὸν
1121 2642 1211 2718 ἔρωτα
1231 2640 1389 2719 κατισχναί-

257 2754 328 2794 νοντι
349 2735 477 2795 Φίλιππε·
505 2734 523 2813 ἦ
545 2735 664 2798 πανακὲς
684 2733 793 2793 πάντων
819 2735 965 2813 φάρμακον
987 2735 1004 2793 ἁ
1025 2734 1114 2813 σοφία,
1135 2743 1231 2808 potest
1251 2736 1328 2805 fieri,
1353 2742 1387 2795 ut

257 2833 406 2891 Theocriti
427 2849 543 2891 carmen
556 2832 600 2891 XI
621 2837 773 2890 venustate
794 2833 977 2905 praeclarum
990 2833 1125 2904 tetigerit
1145 2832 1198 2907 (cf.
1213 2834 1390 2893 Fritzsch.I

257 2948 283 3003 p.
307 2932 378 2993 342:
404 2930 477 2988 Hill.
500 2928 537 2987 ad
557 2945 599 2987 vs.
625 2928 688 3003 17);
714 2944 885 2999 quamquam
905 2933 1015 2986 certum
1037 2927 1092 2986 huc
1112 2945 1170 2987 non
1195 2937 1256 3000 est,
1282 2931 1351 3001 quia
1370 2948 1391 2988 a

257 3025 416 3084 Philoxeno
447 3041 558 3097 quoqne
590 3023 667 3082 idem
698 3030 900 3095 argumentum
930 3029 1088 3082 tractatum
1112 3041 1174 3084 esse
1196 3031 1310 3085 constat
1334 3024 1383 3101 (cl.

257 3124 345 3181 schol.
377 3122 415 3179 ad
445 3122 565 3181 Theocr.
581 3124 640 3195 ll,
659 3123 690 3190 l;
721 3120 832 3193 Bergk.
864 3125 941 3192 poet.
973 3121 1028 3193 lyr.
1061 3120 1132 3179 ΙΙΙ4
1160 3140 1189 3195 p.
1216 3124 1274 3182 609
1300 3123 1385 3197 sqq.).

257 3217 391 3277 Ceterum
418 3217 566 3276 Theocriti
597 3233 711 3276 carmen
741 3217 891 3289 vulgatum
921 3217 1012 3276 fuisse
1037 3218 1179 3277 eBicnis
1209 3220 1337 3277 carmine
1357 3218 1387 3276 11

261 3316 452 3387 cognoscitur.
475 3346 512 3357 -
535 3313 707 3371 Accedimus
732 3313 770 3371 ad
797 3313 877 3370 aliud
897 3312 1067 3373 Callimachi
1088 3316 1280 3387 epigramma,
1312 3315 1390 3387 quod

256 3417 348 3469 totum
369 3412 499 3469 exscribo
522 3409 605 3484 (52):

402 3522 457 3580 Τὸν
478 3522 509 3580 τὸ
531 3521 614 3581 καλὸν
636 3523 804 3596 μελανεῦντα
826 3519 978 3600 Θεόκριτον,
1001 3522 1024 3581 εἰ
1045 3522 1095 3598 μὲν
1117 3525 1160 3598 ἔμ’
1183 3522 1269 3602 ἔχθει,

442 3617 552 3696 τετράκι
572 3616 690 3694 μισοίης·
713 3617 735 3675 εἰ
756 3617 787 3675 δὲ
806 3620 885 3694 φιλεῖ,
906 3618 1014 3695 φιλέοις.

402 3715 473 3794 ναιχὶ
492 3715 560 3793 πρὸς
581 3713 714 3793 εὖχαίτεω
736 3712 923 3790 Γανυμήδεος,
945 3714 1053 3792 adprime
1075 3714 1138 3787 Ζεῦ,

442 3813 488 3874 καὶ
509 3813 540 3872 σύ
561 3814 622 3871 ποτ’
643 3811 776 3890 ἠράσθης,
799 3811 889 3871 οὐκέτι
910 3812 1005 3890 μακρὰ
1025 3812 1106 3888 λέγω.

258 3929 365 3988 Mirum
386 3933 444 4001 est,
477 3928 553 4001 quod
583 3928 713 3985 nonnulli
738 3926 795 3985 viri
817 3926 926 4001 docti¹)
956 3927 1012 3985 hoc
1032 3927 1212 3999 epigramma
1236 3925 1274 3983 ad
1294 3925 1392 3984 Theo-

330 4106 351 4175 ¹)
370 4102 498 4157 Fritzsch
530 4101 566 4157 ed
588 4104 618 4172 8,
636 4100 713 4169 56113
743 4098 775 4157 O.
794 4099 928 4157 Ribbeck.
946 4099 965 4157 l.
984 4100 1003 4156 l.
1022 4117 1049 4171 p.
1068 4101 1115 4170 853
1142 4098 1270 4169 Hempel.
1293 4117 1321 4170 p.
1339 4101 1391 4166 40;

259 4192 316 4247 alii.
336 4223 369 4233 -
