3217 4950
673 533 870 594 ..4-

209 728 331 788 tentiam
363 724 496 784 Belochii
526 723 628 782 falsam
661 739 722 781 esse
754 722 933 783 convincunt.
983 722 1049 779 Iure
1081 723 1157 779 enim
1190 722 1336 792 miramur,

211 824 287 897 quod
312 827 378 896 post
404 837 430 882 a.
458 821 516 879 270
542 837 560 878 a
581 820 735 879 Theocrito
755 820 846 878 Hiero
877 834 934 876 non
958 815 1081 894 βασιλεύς
1105 817 1270 890 appellatus
1293 821 1339 876 est

209 919 260 995 (ci.
276 917 426 977 Susamihl.
441 917 462 977 l.
476 916 524 991 l.):
546 931 618 986 quae
631 913 748 973 offensio
762 931 819 973 non
833 931 867 973 eo
887 915 1008 987 tollitur,
1029 914 1105 986 quod
1118 914 1169 972 ille
1180 915 1243 987 ipse
1256 914 1337 986 regio

209 1015 323 1074 nomine
349 1012 520 1072 abstinuisse
556 1011 674 1082 dicitur3
706 1011 731 1070 is
762 1012 851 1081 enim,
883 1010 919 1069 de
948 1027 1002 1083 quo
1027 1010 1165 1085 Polybius
1194 1011 1232 1086 (l,
1254 1012 1282 1081 8,
1304 1010 1338 1086 5)

209 1111 313 1170 nadic:
343 1109 375 1169 ἐκ
405 1112 459 1168 τῶν
491 1107 607 1187 πρώτων
633 1106 823 1184 ἑτινοημοὶτων
855 1104 958 1172 εὐθέως
988 1109 1071 1184 δῆλος
1100 1105 1133 1184 ἦν
1164 1110 1219 1171 τοῖς
1249 1105 1340 1183 ὀρθῶς

211 1205 406 1281 σκοπουμένοις
442 1205 571 1281 μειζόνων
602 1204 763 1282 ὀρεγόμενος
794 1202 910 1262 ἐλπίδων
938 1202 957 1281 ἢ
993 1203 1063 1264 κατὰ
1091 1205 1141 1280 τὴν
1171 1202 1339 1282 στρατηγίαν,

213 1309 294 1363 certe
314 1319 371 1362 non
391 1303 532 1363 modestia
545 1308 638 1361 motus
658 1318 763 1361 nomen
783 1301 861 1376 regis
881 1302 967 1368 cavit,
988 1301 1039 1361 sed
1052 1302 1188 1375 prudenti
1210 1301 1338 1369 consilio,

215 1417 250 1459 ne
280 1401 343 1473 ipso
367 1399 481 1458 nomine
512 1399 636 1471 speciem
656 1399 773 1473 tyranni
802 1414 873 1470 prae
903 1415 934 1456 se
959 1397 1058 1456 ferret.
1106 1398 1148 1457 At
1177 1399 1245 1456 inde
1272 1414 1341 1454 num

215 1496 338 1556 efficitur
352 1495 413 1553 eius
424 1495 541 1554 auribus
552 1494 729 1566 displicuisse
740 1495 964 1572 appellationem
978 1496 1014 1552 ab
1025 1495 1090 1554 aliis
1102 1495 1340 1568 pronuntiatam?

213 1595 310 1666 Magis
341 1593 430 1650 etiam
459 1591 640 1664 mirabimur,
673 1592 749 1664 quod
779 1591 925 1652 Romanos
955 1592 1143 1667 Syracusanis
1179 1591 1271 1651 socios
1305 1607 1341 1649 ne

217 1707 273 1750 uno
296 1689 410 1762 quidem
429 1689 519 1748 verbo
541 1687 713 1748 Theocritus
739 1690 849 1762 tetigitr
881 1705 973 1762 neque
998 1689 1073 1747 enim
1096 1688 1183 1748 facile
1209 1689 1343 1760 cuiquam

217 1787 433 1862 persuadebunt
451 1787 536 1845 haec:
566 1785 641 1856 „Die
661 1786 865 1846 barbarisehen
884 1785 1140 1859 Bundesgenossen
1161 1784 1210 1844 des
1231 1785 1343 1858 Konigr

107 1890 109 1895 '
215 1885 300 1944 dabei
321 1901 356 1940 zu
377 1882 531 1941 erwahnen
550 1882 631 1940 hatte
652 1898 684 1940 er
704 1881 807 1940 keinen
826 1879 946 1939 ΑιιΙυΒα
966 1881 1007 1957 (p.
1029 1880 1109 1956 368).

298 1980 454 2039 Universae
485 1984 637 2051 practerea
667 1977 781 2036 illorum
812 1981 972 2051 temporum
1002 1993 1049 2036 res
1080 1977 1282 2050 contemplati,
1317 1977 1343 2037 si

217 2078 384 2136 Belochium
397 2091 468 2135 vera
482 2075 588 2134 dixisse
601 2090 749 2147 ponamus,
770 2079 890 2145 quantas
910 2075 941 2132 in
954 2072 1139 2132 difficultates
1160 2073 1341 2132 incurrimus.

218 2173 335 2236 Etenim
355 2177 506 2246 postquam
526 2171 653 2230 Romani
665 2170 847 2230 Mamertinis
866 2171 1029 2244 petentibus
1048 2186 1216 2230 succurrere
1237 2169 1344 2229 consti·

217 2275 351 2342 buerunt,
383 2269 473 2327 Hiero
495 2272 525 2326 et
544 2265 812 2340 Carthaginienses,
845 2268 1009 2339 quibuscum
1040 2267 1210 2326 societatem
1240 2267 1346 2325 inierat

219 2367 334 2442 (Polyb.
355 2366 380 2434 I,
404 2365 441 2423 10
462 2364 546 2439 sqq),
567 2363 729 2422 Messanam
750 2363 885 2436 oppidum
906 2363 1089 2432 obsidebant,
1121 2364 1210 2423 donec
1231 2365 1344 2436 utrique

218 2465 255 2524 ab
269 2462 349 2538 App.
366 2462 486 2523 Claudio
500 2462 572 2521 victi
586 2465 616 2521 et
629 2460 764 2520 recedere
778 2461 873 2520 coacti
887 2465 961 2521 sunt.
1001 2462 1097 2534 Atque
1110 2461 1200 2521 Hiero
1221 2461 1344 2534 quidem,

222 2562 272 2635 qui
293 2560 374 2620 clade
394 2559 472 2618 haud
492 2574 590 2632 parva,
612 2563 647 2615 ut
665 2558 787 2630 videtur,
810 2562 928 2632 accepta
942 2562 1024 2617 nocte
1044 2558 1179 2617 celeriter
1198 2572 1288 2629 usque
1308 2557 1346 2615 ad

225 2657 385 2731 Syracusas
412 2673 442 2715 se
467 2659 615 2728 receperat
635 2654 748 2729 (Polyb.
774 2655 798 2726 I,
823 2659 868 2724 11,
891 2655 951 2731 15),
977 2672 1040 2714 cum
1065 2656 1190 2729 plurima
1214 2655 1347 2729 deinceps

227 2754 343 2813 Siciliae
375 2753 480 2827 oppida
507 2753 538 2810 in
562 2757 659 2825 partes
679 2753 872 2811 Romanorum
896 2752 1080 2811 transcedere
1106 2756 1293 2825 cognosceret
1317 2756 1347 2809 et

225 2850 302 2925 apud
322 2851 376 2909 hos
397 2865 460 2909 esse
480 2865 591 2908 omnem
611 2848 681 2908 belli
701 2850 846 2908 somonam
865 2850 1048 2922 intellegeret
1069 2849 1185 2924 (Polyb.
1204 2850 1227 2922 I,
1246 2850 1291 2921 16,
1305 2848 1347 2924 4),

229 2946 507 3021 Carthaginiensium
537 2943 651 3004 foedere
677 2946 788 3005 abiecto
809 2964 828 3005 a
847 2946 988 3005 Romanis
1013 2962 1113 3020 pacem
1133 2950 1162 3005 et
1182 2947 1349 3006 societatem

222 3044 402 3117 impetravit.
443 3044 483 3105 Et
513 3041 548 3101 de
580 3042 634 3101 hoc
653 3042 782 3102 Hierone
814 3043 897 3103 modo
927 3044 1004 3103 victo
1025 3043 1210 3102 Theocritum
1241 3043 1349 3102 dhisse

225 3140 388 3213 putabimus
408 3140 491 3197 haec:
521 3139 624 3196 έσσεται
645 3136 723 3203 οὗτος
743 3137 819 3217 ἀνήρ,
845 3137 876 3203 ὃς
896 3137 963 3214 έμεῦ
984 3137 1124 3218 κεχρήσεθ
1150 3138 1251 3207 ἀοιδοῦ,
1273 3138 1351 3217 ῥέξας

226 3235 245 3314 ἢ
262 3234 390 3314 Ἀχιλεὺς
411 3233 490 3292 ὅσσον
512 3232 596 3310 μέγας
619 3233 638 3312 ἢ
659 3234 740 3313 βαρὺς
760 3234 827 3300 Αἴας
847 3234 876 3293 ἐν
900 3234 985 3312 πεδίῳ
1006 3234 1151 3310 Σιμόεντος
1176 3236 1227 3311 (73
1253 3236 1351 3310 sqq.)⁶?

229 3333 333 3393 Nonne
354 3336 384 3389 et
405 3348 440 3389 ex
460 3332 506 3389 his
526 3336 556 3390 et
575 3348 612 3390 ex
631 3336 692 3391 toto
707 3333 833 3391 ommim
854 3334 955 3403 elucet,
977 3349 1042 3391 cum
1062 3332 1093 3390 id
1113 3334 1351 3405 conscriberetur,

227 3429 386 3489 Hieronem
407 3428 496 3486 luisse
516 3444 592 3499 eum,
625 3444 719 3500 aquo
745 3428 809 3486 iure
828 3444 936 3501 magna
956 3429 1117 3501 exspectari
1137 3434 1274 3503 possent?
1304 3432 1354 3489 An

227 3543 281 3585 rex
311 3525 405 3585 victus
430 3524 564 3584 dicendus
590 3530 653 3584 erat
677 3524 817 3603 προτέροις
842 3525 897 3590 ἴσος
922 3525 1038 3603 ἡρώεσσι
1062 3525 1148 3603 (80)⁶.>
1181 3528 1257 3586 Num
1277 3528 1355 3587 veri-

228 3622 322 3682 simile
349 3626 395 3681 est
419 3621 455 3681 de
481 3638 514 3680 eo
535 3620 722 3680 Theocritum
746 3623 940 3695 praedicasse:
973 3622 1077 3700 ὑψηλὸν
1103 3620 1126 3681 d
1149 3621 1252 3702 Ἱέρωνι
1275 3622 1355 3686 κλέος

231 3717 353 3797 φορέοιεν
374 3717 462 3776 ἀοιδοί
480 3722 552 3788 κτλ.;
577 3717 614 3782 εἷς
634 3718 683 3794 μὲν
697 3717 761 3793 ἐγώ,
782 3718 899 3784 πολλοὺς
920 3718 951 3777 δὲ
971 3719 1035 3785 Διὸς
1055 3718 1171 3797 φιλέοντι
1191 3718 1237 3779 καὶ
1257 3717 1356 3783 ἄλλους

229 3815 389 3894 θυγατέρες,
416 3817 471 3878 τοῖς
495 3817 558 3872 πᾶσι
588 3813 665 3889 μέλοι
685 3814 798 3892 Σικελὴν
816 3814 987 3893 Ἀρέθουσαν
1018 3816 1110 3892 ὑμνεῖν
1137 3816 1183 3875 σὺν
1205 3820 1291 3874 λαοῖσι
1310 3814 1356 3875 καὶ

231 3911 367 3991 αἰχμητὰν
397 3909 509 3989 Ἱέρωνα
541 3911 592 3988 (98
624 3911 719 3986 sqq.)⁶?
748 3912 851 3985 Neque
881 3913 978 3986 aptius
1008 3914 1177 3972 dictasunt
1207 3928 1234 3971 a.
1267 3911 1355 3979 263l2

230 4010 303 4069 haec
332 4009 434 4068 verba:
467 4006 521 4085 ἤδη
552 4009 597 4066 νῦν
628 4007 751 4074 Φοίνικες
786 4043 823 4053 -
858 4007 958 4088 ἄκρον,
972 4011 1071 4089 ορυρὸν
1102 4008 1243 4087 ἐρρίγασιν·
1278 4006 1358 4085 ᾔδη’)

304 4210 325 4278 ¹)
344 4207 387 4263 De
406 4208 498 4264 verbis
516 4206 565 4281 ἤδη
585 4211 627 4261 νῦν
647 4239 680 4247 -
698 4207 748 4282 ἤδη
767 4207 963 4279 intellegendis
983 4207 1018 4265 cf.
1036 4208 1153 4267 Vahlen.
1169 4224 1198 4281 p.
1217 4210 1278 4265 838.
1297 4237 1331 4249 -
