3217 4950
722 560 942 622 .-22-

261 751 433 823 cogitatione
454 751 579 823 inventa,
595 755 628 809 ut
641 750 684 810 M.
699 749 879 824 Hauptius¹),
898 749 946 807 vir
959 749 1152 821 admirandus,
1167 767 1236 809 vere
1249 750 1397 822 iudicavit,

261 864 432 920 quamquam
459 847 488 905 id
513 864 570 906 non
597 863 710 920 semper
731 864 749 904 a
769 846 841 906 viris
866 847 958 906 doctis
985 847 1100 905 videtur
1124 847 1195 905 mihi
1216 847 1397 906 observatum

261 962 331 1004 esse.
375 943 470 1014 Quare
490 944 594 1002 mirum
614 959 673 1001 nen
693 948 745 1014 est,
774 942 859 1014 qnod,
883 948 917 1000 ut
938 959 1036 1002 omnes
1056 943 1271 1002 Alexandrinae
1292 945 1398 1002 aetatis

260 1045 363 1115 poetae
387 1039 482 1113 magis
507 1041 537 1098 in
557 1039 707 1098 imitandis
733 1044 762 1098 et
788 1040 937 1098 servandis
958 1041 1146 1098 vetustiorum
1175 1040 1314 1112 exemplis
1335 1056 1398 1098 ver·

261 1138 403 1196 sabantur
424 1154 510 1210 quam
531 1137 563 1195 in
582 1136 665 1195 novis
679 1152 798 1208 poeseos
819 1137 973 1208 generibus
988 1137 1129 1206 creandis,
1151 1137 1193 1196 ita
1213 1137 1265 1195 ille
1286 1152 1398 1209 quoque

262 1235 384 1293 aliorum
416 1234 544 1306 vestigia
568 1233 698 1305 quamvis
723 1232 795 1291 scite
821 1239 852 1292 et
879 1233 1036 1292 artificiose
1067 1240 1182 1292 secutus
1208 1238 1261 1292 est.
1309 1231 1399 1291 Cuius

261 1331 306 1390 rei
321 1331 410 1388 etiam
424 1346 499 1387 nunc
510 1329 676 1387 testimonia
690 1327 773 1386 nobis
784 1334 901 1402 praesto
916 1335 993 1398 suut,
1014 1330 1095 1388 velut
1109 1334 1210 1388 auctor
1225 1329 1360 1388 carminis
1370 1331 1399 1387 ll

261 1427 422 1500 argumenti
446 1430 548 1485 namet
572 1425 704 1484 iudicans
729 1424 853 1484 fortasse
876 1426 960 1483 nimis
986 1427 1103 1484 acerbe:
1130 1427 1179 1502 τὴν
1201 1426 1231 1484 δὲ
1252 1425 1399 1484 demolito

262 1523 276 1580 ὁ
301 1521 446 1600 Θεόκριτος
470 1519 660 1598 ἀπειροκάλως
681 1521 714 1580 ἐν
741 1524 796 1579 τῶν
817 1520 966 1599 Σώφρονος
993 1521 1144 1598 μετήνεγκε
1170 1522 1277 1599 μίμων;
1309 1532 1338 1582 et
1368 1525 1399 1581 in

262 1626 431 1694 argumento
452 1619 546 1694 idylhi
571 1619 626 1677 XV
646 1619 783 1692 legimus:
816 1619 973 1697 παρέπλασε
1000 1619 1030 1677 δὲ
1055 1620 1086 1678 τὸ
1106 1619 1268 1697 ποιημάτιον
1291 1620 1398 1679 ἐκτῶν

262 1716 335 1795 παρὰ
351 1715 476 1793 Σώφρονι
496 1714 674 1792 dempster)
695 1715 729 1773 τὰ
736 1713 855 1790 Ἴσθμια.
891 1716 974 1790 Quae
988 1734 1056 1775 num
1070 1733 1141 1776 vera
1154 1718 1214 1775 sint
1227 1733 1399 1788 quamquam

226 1799 228 1802 ⁵
263 1814 423 1873 diiudicare
449 1812 533 1871 nobis
557 1829 614 1871 non
640 1813 697 1870 iam
723 1812 807 1880 lieet,
839 1819 938 1871 tamen
965 1815 1023 1872 late
1050 1815 1241 1872 imitationem
1262 1823 1399 1886 vegetam

262 1927 325 1970 esse
352 1926 434 1968 nemo
461 1910 588 1982 putabit,
622 1909 671 1979 qui
696 1909 768 1966 haee
794 1910 921 1967 carmina
943 1907 994 1983 (ΙΙ.
1016 1909 1090 1985 XV)
1112 1911 1200 1969 semel
1226 1911 1398 1983 perlegerim

263 2007 416 2078 intelleget
437 2007 535 2079 potius
550 2022 585 2063 ea
599 2021 691 2076 neque
712 2005 801 2062 ullum
822 2005 993 2064 imitationis
1007 2007 1158 2080 vestigium
1178 2024 1248 2080 prae
1269 2025 1300 2065 se
1322 2008 1399 2066 ferre

263 2109 293 2162 et
318 2103 444 2162 indolem
476 2103 657 2176 praeclaram
683 2119 808 2174 arguere
835 2118 893 2160 non
918 2103 1088 2174 imitatoris,
1120 2104 1171 2161 sed
1201 2105 1265 2162 veri
1295 2108 1399 2177 poetae

262 2201 354 2260 Musis
375 2200 474 2258 amati.
509 2200 610 2271 ltaque
630 2199 819 2257 iudicabimus
833 2198 1020 2257 Theocritum
1033 2217 1246 2272 nonnumquam
1267 2201 1399 2273 exempla

263 2301 415 2371 poetarum
429 2301 527 2354 aetate
542 2297 682 2355 maiorum
696 2297 849 2368 praeclara
862 2301 930 2354 ante
945 2297 1043 2355 oeulos
1056 2298 1202 2364 habuisse,
1224 2297 1290 2356 inde
1310 2299 1400 2356 bonas

264 2395 365 2467 fruges
380 2395 498 2467 cepisse,
515 2393 648 2452 didicisse
663 2409 735 2465 quae
750 2393 838 2466 digua
852 2399 946 2463 erant,
967 2399 999 2451 at
1012 2395 1042 2451 in
1056 2394 1230 2452 carminibus
1245 2393 1400 2452 condendis

264 2508 315 2551 suo
336 2492 426 2565 ipsius
446 2492 563 2564 ingenio
584 2492 714 2564 paruisse
735 2496 797 2549 tem
817 2492 908 2564 probe
929 2497 960 2550 et
980 2492 1068 2561 scite,
1092 2498 1126 2549 ut
1146 2491 1323 2565 exprimeret
1343 2506 1400 2548 non

263 2588 452 2662 imitationes,
476 2588 527 2647 sed
548 2588 676 2645 carmina
695 2604 779 2647 nova.

343 2686 436 2761 Quam
451 2691 535 2744 caute
549 2702 619 2744 vere
634 2686 802 2743 testimonia
816 2685 854 2743 ed
868 2685 1045 2745 imitationes
1059 2686 1221 2758 spectantia
1231 2682 1400 2757 accipienda

264 2786 336 2857 sint,
370 2784 496 2856 scriptor
522 2783 685 2857 argumenti
717 2783 853 2841 carminis
877 2782 965 2840 XVII
996 2783 1188 2851 demonstrat,
1220 2797 1284 2840 cum
1315 2778 1399 2836 dicit:

262 2878 395 2959 Ἀρατείᾳ
421 2879 451 2937 δὲ
477 2878 609 2957 κέχρηται
635 2878 753 2957 εἰσβολῇ,
795 2879 873 2939 Nam
898 2880 960 2937 eius
981 2879 1116 2951 opinione
1137 2878 1252 2951 decepti
1272 2876 1401 2949 plerique

265 2981 430 3036 statuerunt
443 2992 541 3035 versus
552 2977 637 3049 primi
648 2976 737 3035 verba
748 2975 781 3034 ἐκ
792 2975 856 3039 Διὸς
866 2974 1038 3053 ἀρχώμεσθα
1048 2976 1234 3034 Theocritum
1245 2972 1401 3044 sumpsisse

265 3090 302 3133 ex
324 3074 414 3132 Arati
435 3072 659 3145 Phaenomenis,
692 3088 813 3143 quorum
839 3072 953 3130 initium
978 3072 1013 3130 fit
1033 3073 1142 3131 eisdem
1167 3070 1277 3142 verbis,
1310 3069 1402 3127 donec

264 3169 436 3243 Hempelius
462 3169 504 3243 (p.
526 3171 564 3229 92
586 3169 663 3245 sqq.)
684 3170 830 3227 sententia
855 3170 1004 3227 contraria
1029 3170 1147 3241 prolata
1171 3167 1311 3226 iudicavit
1336 3164 1402 3222 imi-

265 3272 389 3325 tatorem
412 3282 474 3324 esse
491 3267 622 3325 Aratum.
662 3264 727 3339 Qua
747 3265 783 3323 de
797 3282 831 3323 re
851 3282 888 3323 ne
908 3267 1000 3323 multa
1015 3266 1104 3323 verba
1124 3265 1285 3337 perderem,
1307 3261 1403 3320 effecit

266 3362 446 3438 Vahlenus⁸),
480 3363 529 3434 qui
554 3379 639 3434 quam
664 3362 740 3420 falso
761 3361 887 3420 imitatio
913 3366 1092 3421 statueretur
1116 3378 1216 3421 eorum
1240 3359 1401 3429 verborum,

267 3476 386 3532 quorum
413 3476 513 3518 sensus
538 3464 661 3531 utroque
682 3460 747 3517 loeo
774 3459 905 3517 diversus
924 3460 975 3531 sit,
1009 3459 1171 3517 luculenter
1195 3455 1403 3515 demonstravit

266 3558 466 3630 persuasitque
480 3554 633 3631 Hillero⁴)‚
655 3557 717 3613 viro
732 3554 910 3614 doctissimo.
949 3555 1071 3613 Omnino
1085 3572 1136 3613 cur
1149 3555 1223 3611 haec
1243 3553 1302 3610 tria
1314 3550 1403 3608 verba

339 3718 359 3785 ¹)
379 3714 555 3786 opp-1252
580 3730 635 3786 sq.;
664 3712 868 3784 apudBelger.
890 3728 918 3782 p.
938 3714 1000 3769 230.
1027 3742 1060 3753 -
1090 3710 1244 3780 Nonnulla,
1271 3725 1343 3779 quae
1366 3706 1402 3761 ad

267 3807 357 3859 artem
380 3801 592 3859 alexandrinam
615 3800 771 3871 pertinent,
799 3799 941 3869 congessit
958 3800 992 3857 R.
1010 3799 1093 3854 Biese
1117 3799 1168 3867 „de
1185 3798 1266 3869 poesi
1286 3796 1402 3851 Theoer.

268 3892 502 3957 observationss“,
521 3888 587 3945 diss.
606 3888 748 3960 Rostoch,
766 3888 867 3945 Strals.
887 3890 965 3945 1874.
984 3916 1017 3927 -

339 3982 360 4044 ²)
381 3979 425 4035 Sic
443 3976 576 4033 Valcken.
599 3992 649 4046 pro
674 3992 707 4032 eo
726 3977 801 4047 quod
824 3976 855 4031 in
873 3975 953 4032 codd.
971 3975 1103 4045 vulgatur
1125 3973 1253 4047 8εμὲνων;
1284 3972 1403 4045 hostros

269 4066 422 4123 Blomfield.
441 4096 475 4105 -

340 4155 363 4221 ⁸)
381 4154 441 4211 Iud.
459 4153 552 4211 Berol.
573 4156 642 4210 sest.
663 4155 741 4225 1885,
760 4170 787 4224 p.
810 4154 852 4210 15.
870 4182 905 4195 -

339 4244 362 4311 ⁴)
380 4241 600 4299 Woehenschrilt
618 4240 638 4301 f.
657 4241 744 4299 klass.
762 4241 863 4298 Philol.
882 4241 919 4312 II,
940 4241 1017 4309 1885,
1036 4256 1082 4296 no.
1100 4242 1144 4295 41.
1166 4268 1198 4279 -·
1315 4234 1318 4239 ’
