3217 4950
703 528 927 590 ..11-

245 714 380 788 legimus:
402 715 503 775 πολλὸν
525 715 588 791 (sol.
610 715 724 794 χρυσὸν)
746 714 768 773 δ’
790 714 920 792 ἰφθίμοισι
940 716 1091 795 δεδώρηται
1111 719 1250 794 βασιλεῦσι,
1272 717 1372 777 πολλὸν

248 810 278 869 δὲ
298 810 447 883 πτολέεσσι,
469 811 552 872 πολδν
575 811 597 872 δ’
618 811 755 887 ἀγαθοῖσιν
775 811 889 891 ἑταίροις
908 813 959 888 (cf.
983 815 1028 885 14,
1050 812 1111 888 63).
1134 845 1171 858 -
1191 814 1306 874 Deinde
1326 814 1374 873 dei

246 908 370 969 donandi
399 915 467 969 sunt
492 911 539 968 vel
563 910 650 969 sacris
675 909 723 969 vel
747 908 842 968 donis:
876 912 927 981 16,
949 911 987 968 26
1012 909 1063 968 αἰεὶ
1088 909 1119 969 δὲ
1142 909 1217 976 θεοῖς
1241 910 1373 988 ἐπιβώμια

249 1003 346 1082 litero,
373 1007 442 1064 huic
462 1022 572 1078 quoquc
597 1004 691 1065 officio
711 1005 897 1067 Ptolemaeus
916 1007 1071 1065 satisfecit:
1095 1009 1140 1078 17,
1164 1008 1220 1067 108
1240 1024 1283 1078 sq.
1304 1006 1374 1065 ἀλλὰ

246 1101 330 1161 πολὺν
363 1103 543 1182 (αυλχρυσδν)
575 1102 624 1178 μὲν
645 1104 735 1182 ἔχοντι
754 1102 829 1161 θεῶν
850 1102 986 1181 ἐρικυδέες
1006 1101 1075 1163 οἶκοι
1094 1103 1151 1162 αἰὲν
1172 1102 1373 1183 ἀπαρχομένοιο

251 1198 297 1258 σὺν
321 1197 437 1258 ἄλλοισιν
457 1199 589 1277 γεράεσσι,
610 1205 641 1259 et
663 1201 716 1259 121
740 1217 801 1273 sqq.
823 1202 922 1276 cobbo<
942 1200 972 1258 δὲ
994 1199 1125 1278 -ματρὶ
1144 1199 1210 1278 φίλᾳ
1229 1200 1275 1260 καὶ
1294 1199 1374 1279 πατρὶ

246 1295 371 1360 θυώδεος
392 1295 481 1355 εἵσατο
502 1295 589 1370 ναούς,
612 1303 643 1356 et
664 1299 720 1356 126
742 1313 784 1369 sq.
805 1296 894 1357 πολλὰ
914 1297 945 1355 δὲ
964 1295 1110 1355 πιανθέντα
1129 1299 1201 1374 βοῶν
1221 1294 1268 1370 ὅγε
1289 1295 1374 1374 μηρία

245 1391 313 1452 καίει
343 1392 408 1470 μησὶ
434 1393 665 1472 περιπλομένοισιν
701 1393 892 1472 ἐρευθομένων
929 1393 973 1451 ἐπὶ
999 1393 1109 1470 βώμυιν.
1141 1427 1179 1437 -
1210 1393 1278 1452 Hoc
1303 1409 1373 1451 vero

246 1491 369 1548 maxime
384 1490 541 1564 Theocriti,
563 1508 627 1550 oum
641 1491 680 1550 sit
693 1497 790 1565 poeta,
805 1493 935 1562 interest,
957 1493 1033 1564 qnod
1047 1492 1233 1565 conqueritur
1246 1491 1375 1549 homines

245 1587 369 1646 avaritia
389 1593 542 1660 superatos
562 1589 620 1646 iam
640 1605 698 1647 non
722 1589 821 1662 magni
842 1589 995 1648 aestimare
1015 1576 1116 1662 poetas
1135 1605 1226 1662 neque
1247 1599 1310 1646 esse
1331 1587 1374 1645 eis

244 1683 403 1743 munificos:
429 1686 476 1755 16,
499 1684 536 1743 15
551 1700 625 1757 sqq.;
648 1687 685 1745 19
706 1701 748 1758 sq.
770 1684 831 1743 θεοὶ
850 1688 961 1760 τιμῶσιν
976 1684 1092 1751 ἀυιδοώς.
1112 1684 1151 1750 τίς
1171 1685 1202 1744 δέ
1222 1707 1269 1744 ιιεν
1290 1681 1374 1743 ἄλλου

245 1779 370 1851 &acinon
403 1780 461 1846 ἅλις
492 1780 632 1840 πάντεσσιν
646 1779 782 1861 Ὅμηρος·
815 1780 894 1845 οὗτος
925 1781 1024 1841 ἀοιδῶν
1055 1784 1167 1859 ληῖστος,
1198 1781 1229 1846 ὃς
1254 1780 1283 1847 ἐξ
1308 1780 1375 1856 ἐμεῦ

245 1877 344 1936 οἴσεται
364 1876 454 1950 οὖδέν;
476 1883 507 1937 et
526 1878 565 1936 24
586 1876 656 1936 ἀλλὰ
675 1877 706 1936 τὸ
728 1877 777 1953 μὲν
792 1880 878 1956 ψυχᾷ,
898 1877 929 1936 τὸ
944 1878 975 1936 δὲ
994 1877 1042 1938 καί
1059 1901 1108 1937 τινι
1128 1880 1219 1938 δοῖιναι
1238 1877 1375 1947 ἀοιδῶν“);

245 1980 275 2033 et
296 1975 333 2034 29
349 1973 487 2034 Μουσάων
508 1974 538 2032 δὲ
553 1974 668 2049 μάλιστα
687 1973 750 2033 τίειν
769 1973 859 2052 ἱεροὺς
872 1973 1020 2052 ὑποφήτας.
1062 1976 1140 2047 Quae
1161 1977 1210 2036 hie
1229 1976 1376 2035 desiderat

247 2077 342 2146 poeta,
365 2087 399 2130 ea
419 2071 455 2129 de
475 2071 539 2144 ipso
560 2070 723 2130 Ptolemaeo
745 2071 867 2130 maxime
887 2072 1050 2145 praedicat3
1071 2088 1139 2130 nam
1161 2075 1207 2144 17,
1232 2075 1287 2132 112
1311 2089 1372 2146 sqq.

243 2169 379 2242 legimus:
402 2166 466 2227 οὐδὲ
486 2166 624 2226 Διωνύσου
644 2190 683 2232 τις
703 2166 771 2245 ἀνὴρ
799 2167 887 2245 ἱεροὺς
908 2167 965 2228 κατ’
987 2168 1094 2245 ἀγῶνας
1111 2167 1177 2228 ἵκετ’
1200 2169 1375 2245 ἐπιστάμενος

246 2265 351 2343 λιγυρὰν
372 2263 526 2343 ἀναμέλψαι
546 2263 653 2336 ἀοιδάν,
680 2261 748 2342 ᾧοῦ
770 2263 885 2323 δωτίναν
899 2264 1020 2332 ἀντάξιον
1034 2265 1127 2325 ώπασε
1146 2265 1253 2345 τέχνας.
1294 2265 1376 2324 Μου-

248 2361 321 2420 σάων
343 2359 364 2420 δ’
391 2360 525 2440 ὑποφῆται
556 2359 669 2420 ἀείδοντι
693 2361 863 2438 Πτολεμαῖον
889 2361 942 2421 ἀντ’
969 2361 1133 2441 εὐεργεσίης·
1164 2363 1240 2422 τίδὲ
1264 2363 1374 2423 κάλλιον

250 2458 327 2538 ἀνδρί
346 2481 392 2519 κεν
414 2459 455 2537 εἴη
470 2457 552 2537 ἀλβίιρ
573 2457 686 2536 ἢαλέοτ
700 2458 797 2519 ἐσθλδν
819 2458 848 2518 ἐν
862 2458 1040 2539 ἀνθρώποισιν
1054 2459 1167 2539 ἀρέσθαι
1186 2461 1236 2538 (of.
1262 2462 1306 2534 14,
1323 2462 1374 2519 61:

244 2555 432 2634 φιλόμουσος).

322 2654 398 2712 Num
430 2654 519 2729 Igitur
549 2654 609 2713 nlla
639 2655 752 2713 ratione
776 2655 934 2715 verisimile
965 2659 1011 2714 est
1036 2659 1133 2714 tantas
1158 2655 1194 2715 de
1213 2654 1375 2716 Ptolemaei

246 2751 439 2811 munificentia
458 2752 557 2811 laudes
570 2751 644 2813 falso
659 2757 690 2810 et
708 2752 793 2811 modo
807 2752 973 2813 blandiendi
993 2769 1081 2811 causa
1093 2753 1277 2825 praedicatas
1291 2757 1374 2811 assei

245 2848 371 2908 Annon
396 2849 520 2907 aliunde*
541 2866 652 2922 quoque
677 2850 748 2909 satis
774 2855 897 2918 constat,
927 2854 1035 2921 quanta
1064 2851 1267 2909 benevolentia
1285 2849 1374 2908 fuerit

246 2943 463 3019 Philadelphus,
485 2951 594 3019 quanto
615 2951 765 3020 poetarum
784 2948 888 3018 studio,
909 2952 1015 3019 quanto
1037 2948 1158 3019 danique
1177 2948 1270 3006 animo
1291 2964 1373 3021 prae·

246 3041 322 3101 ditus
342 3042 379 3100 ed
399 3058 448 3101 eos
461 3056 530 3103 vare
551 3044 745 3103 aestimandos
759 3048 846 3116 atque
866 3044 1098 3117 intellegendos?
1128 3043 1168 3102 Iit
1186 3061 1257 3117 rege
1276 3049 1373 3103 tanto·

245 3154 314 3211 pere
346 3138 509 3198 collaudato
534 3140 721 3199 Theocritum
751 3156 819 3198 num
844 3156 909 3198 enm
933 3142 971 3200 A.
991 3138 1181 3217 Fritnschi02)
1211 3141 1375 3214 putabimus

246 3242 348 3309 postea
367 3235 398 3294 in
418 3254 442 3295 c.
464 3235 538 3296 XVI
558 3237 631 3296 hacc
651 3236 687 3294 de
707 3236 876 3295 Ptolemaeo
897 3236 994 3296 dicere
1014 3253 1115 3295 ausum
1135 3254 1211 3296 essa:
1241 3234 1299 3296 ἀλλ’
1318 3235 1377 3300 ἶσος

245 3331 295 3409 γὰρ
317 3332 332 3389 ὁ
353 3332 460 3412 μόχθος
480 3330 520 3391 ἐπ’
552 3331 611 3410 ᾀάνι
635 3331 730 3409 κύματ’
762 3332 895 3411 ἀμιθρεῖν,
927 3331 982 3391 ὅσα
1014 3331 1115 3409 ἄνεμος
1145 3332 1276 3412 χέρσονδε
1307 3333 1376 3409 μετὰ

245 3432 366 3503 γλαυκᾶς
397 3430 462 3494 ἁλὸς
482 3428 558 3500 ὠθεῖ,
580 3428 598 3506 ἢ
619 3428 696 3489 θδατι
716 3428 791 3496 νίζειν
816 3429 935 3508 θαλερὰν
956 3430 1064 3489 διαειδάι
1083 3428 1204 3503 πλίνθον,
1236 3428 1282 3490 καὶ
1302 3433 1376 3508 φιλο-

247 3524 357 3604 κερδείη
390 3526 576 3604 βεβλαμμένον
608 3524 692 3604 άνδρα
717 3526 862 3605 παρελθεῖν
894 3526 947 3602 (60
968 3527 1067 3603 sqq.)⁶.’
1108 3526 1254 3597 Quomodo
1279 3543 1376 3586 omnes

246 3623 301 3681 hae
315 3622 502 3683 difficultates
515 3624 660 3697 probabili
673 3623 756 3683 modo
771 3623 962 3697 explicantur,
982 3624 1008 3683 si
1021 3626 1155 3697 putamus
1175 3639 1290 3683 carmen
1303 3622 1376 3683 XVI

245 3725 311 3793 post
331 3716 418 3780 XVII
444 3736 506 3780 esse
533 3721 744 3793 compositurus
777 3753 814 3763 -
846 3719 1002 3779 Praeterea
1021 3722 1052 3779 in
1076 3720 1239 3780 universum
1264 3736 1376 3792 quoqne

247 3817 326 3877 inter
347 3834 463 3876 carmen
477 3817 617 3877 decImum
638 3821 750 3877 sextum
772 3822 803 3876 et
821 3817 973 3891 septimum
992 3817 1113 3876 multum
1133 3818 1262 3876 interest.
1303 3815 1377 3875 (lum

247 3914 322 3973 enim
342 3915 397 3973 hoo
417 3920 505 3988 poeta
526 3915 732 3987 conscriberet,
763 3930 880 3974 neeesse
908 3919 954 3975 est
973 3930 1079 3988 ponere
1099 3930 1164 3973 eum
1183 3913 1242 3972 iam
1261 3914 1376 3987 penitus

318 4132 339 4203 ¹)
358 4131 404 4189 Sic
421 4131 554 4201 traditum
574 4130 608 4187 ci.
626 4132 743 4189 Vahlen.
761 4133 781 4189 l.
799 4133 819 4189 l.
837 4150 865 4203 p.
884 4132 936 4189 827
955 4132 1018 4188 adn,
1037 4134 1063 4188 γ,
1081 4164 1115 4173 -

317 4221 340 4291 ²)
360 4220 419 4289 „De
436 4220 528 4291 poetis
547 4219 645 4277 Graec.
664 4220 780 4290 buocl.“‚
800 4219 899 4277 Gissae
919 4222 995 4291 1844,
1013 4238 1043 4292 p.
1061 4224 1086 4276 7.
1106 4251 1139 4261 -
